1728 3110
129 100 152 140 8
163 101 185 141 4
196 102 219 140 8
749 95 1035 137 Raonoamfflffi.
1308 102 1655 154 Bryothamm'on.

124 228 216 278 Ipse
246 226 297 263 ad
327 224 545 269 Alsidium‚
577 223 627 262 ab
658 223 867 274 Agardhio
899 223 1056 262 interea
1087 227 1281 271 creatum,
1314 225 1472 277 speeies
1501 225 1656 263 Turne-

124 294 257 331 rianas
288 304 377 330 esse
409 291 615 329 ducendas
646 291 852 343 proposui.
927 292 1086 331 Alsidio
1119 304 1281 343 quoque
1312 293 1521 344 proximas
1553 305 1656 339 esse,

123 358 373 397 recentiores
425 370 650 408 agnoscere
700 358 909 408 videntum
962 358 1013 397 de
1060 358 1188 409 gradu
1238 358 1446 397 affinitatis
1491 359 1655 409 quidam

124 425 331 463 dissensus
362 424 489 462 adest.
554 424 732 476 Ktitzing
770 424 810 463 in
852 425 1103 476 Phycologia
1133 425 1156 463 3
1188 425 1349 464 diversa
1380 438 1531 477 genera
1560 437 1656 464 con-

123 491 273 529 stituit:
325 490 548 537 Alsidium‚
594 491 924 543 Physcophoram
970 496 1011 529 et
1048 491 1383 542 Bryotbamnion,
1422 504 1593 542 quorum
1631 491 1656 529 2

123 560 266 609 postea
312 557 371 601 (in
424 557 529 604 Spee.
573 556 681 605 Aly.)
727 558 893 596 nomine
938 558 1221 610 Bryotbamnii
1268 559 1494 608 conjunxit..
1569 558 1657 597 Hoc

123 636 244 662 sensu
290 624 612 675 Bryothamnion
653 625 930 676 adoptandum
970 637 1078 671 esse,
1124 626 1314 677 analogia
1352 626 1488 665 forsan
1527 625 1656 676 magis

124 703 243 741 quam
291 692 544 729 characteres
590 692 773 729 suadent.
850 691 1051 730 Alsidium
1100 691 1291 730 nimirum
1338 696 1378 730 et
1415 692 1655 742 Bryotbam-

123 757 220 795 nion
259 757 400 796 habitu
438 758 645 809 paulisper
682 762 723 795 et
759 757 1054 809 sphaerosporis
1093 757 1298 805 differunt,
1330 759 1416 797 fere
1448 764 1491 797 ut
1522 759 1656 798 Chon-

125 823 212 861 dria
254 827 295 861 et
331 823 662 875 Acanthophora,
702 828 744 861 ut
781 824 1075 875 Polysiphonia
1106 828 1146 862 et
1174 825 1446 876 Dictymenia,
1478 830 1520 864 ut
1548 826 1657 865 Rho-

125 890 286 929 domela
326 895 366 928 et
405 891 665 929 Odonthalia.
734 891 778 929 In
820 891 1024 942 prioribus
1063 892 1251 930 omnibus
1289 893 1585 944 sphaerosporae
1616 892 1657 930 in

124 957 291 995 ramulis
334 957 409 995 vix
454 958 730 996 transmutatis
775 957 1014 1005 obveniunt,
1062 958 1102 996 in
1148 959 1442 1009 posterioribus
1479 972 1575 997 vero
1615 959 1655 996 in

125 1024 326 1061 stichidiis
364 1024 552 1075 propriis.
621 1024 761 1072 Qualis
803 1029 864 1062 est
903 1025 1063 1063 habitus
1103 1026 1335 1064 differentia
1367 1025 1587 1065 Chondriae
1618 1030 1659 1063 et

125 1088 477 1140 Acanthophorae,
524 1090 614 1128 talis
660 1091 745 1129 fere
786 1091 931 1129 Alsidii
971 1096 1012 1130 et
1049 1092 1345 1143 Bryothamnii.
1418 1092 1657 1143 Bryotham-

126 1155 222 1193 nion
264 1157 402 1206 itaque
441 1156 539 1194 mihi
579 1161 641 1195 est
680 1170 808 1208 genus
848 1158 1007 1196 Alsidio
1039 1158 1288 1209 proximum,
1319 1163 1358 1196 at
1390 1158 1503 1208 quasi
1535 1159 1656 1210 paulo

126 1223 360 1273 perfectius,
401 1227 541 1274 utpote
579 1225 757 1262 ramulos
799 1225 1184 1276 sphaerosporiferos
1214 1226 1378 1277 proprie
1409 1226 1458 1264 ad
1489 1226 1531 1264 id
1562 1238 1657 1264 evo-

125 1288 232 1327 lutos
264 1294 304 1327 et
335 1290 464 1341 magis
496 1294 784 1329 transmutatos
815 1291 852 1328 h.
889 1303 924 1329 e.
957 1291 1148 1330 stichidia.
1177 1304 1275 1330 vera
1305 1304 1518 1343 generans.

127 1450 163 1489 1.
195 1450 268 1488 BR.
303 1451 553 1490 SEAFORTHII
584 1451 732 1500 (Turn.
763 1451 865 1489 Hist.
896 1451 990 1489 Fue.
1023 1452 1095 1488 (ab.
1127 1450 1223 1498 120)
1256 1451 1400 1490 fronde
1424 1463 1657 1499 compressa

237 1517 707 1568 decomposito-pinnata
750 1518 1043 1569 subfastigiuta‚
1087 1518 1210 1556 ramis
1240 1518 1400 1556 inferne
1432 1519 1605 1557 distiche
1635 1532 1654 1556 a

238 1584 422 1635 margine
468 1584 660 1635 pinnatis,
693 1597 867 1636 superne
907 1585 1186 1624 conformibus
1225 1589 1293 1623 aut
1323 1585 1459 1636 pinnis
1491 1598 1513 1622 a
1544 1585 1656 1625 disco

237 1662 400 1700 quoque
431 1650 736 1701 emergentibus
768 1652 858 1702 plus
889 1651 1021 1689 minus
1052 1651 1293 1698 imbricatis,
1324 1651 1459 1702 pinnis
1485 1651 1658 1690 distiche

239 1716 481 1768 pinnulatis‚
520 1717 701 1768 pinnulis
740 1717 936 1755 subulatis
974 1717 1137 1768 rigidis,
1178 1717 1378 1756 stichidiis
1417 1718 1658 1756 axillaribus

238 1782 486 1833 subsingulis
518 1795 639 1834 parce
669 1783 840 1821 ramosis
872 1784 1064 1823 mollibus
1096 1785 1301 1823 torulosis.

220 1885 341 1918 Fucus
367 1883 568 1916 Seaforthii
596 1882 713 1916 Turn.
741 1883 762 1916 I.
789 1882 847 1916 cI!

220 1940 517 1983 Bryothamnion
546 1941 745 1974 Seaforthii
778 1940 892 1974 Kritz.
926 1940 1040 1984 Phye.
1073 1950 1154 1984 (jen.
1176 1951 1217 1984 12.
1243 1941 1322 1975 433.
1350 1940 1423 1974 tab.
1450 1942 1492 1975 52
1509 1939 1576 1984 fiy.
1600 1940 1656 1974 II.

126 1998 190 2040 Sp.
219 1998 300 2041 Alq.
322 2007 362 2040 p.
388 1998 470 2032 842!

222 2057 538 2099 Thamnophora‘?
576 2057 776 2091 seasorthii
812 2057 880 2100 Ay.
913 2056 977 2099 Sp.
1004 2066 1046 2099 1).
1079 2059 1178 2091 227!!
1217 2057 1317 2101 Syst.
1345 2068 1386 2100 p.
1414 2059 1498 2092 240!
1536 2058 1656 2092 Mont.

129 2113 230 2147 Cuba
250 2123 291 2155 p.
319 2114 374 2146 59.
402 2112 460 2146 Pl.
494 2113 533 2146 V.
550 2113 615 2157 fiy.
642 2115 661 2147 1
689 2114 800 2147 a—-eJ

220 2173 424 2205 Amansia‘?
450 2172 649 2206 Seasorthii
678 2171 785 2206 Grev.
813 2172 924 2214 βψω
953 2172 1047 2215 Any.
1074 2171 1127 2206 St.
1154 2172 1233 2206 Hz'l.
1267 2172 1353 2216 Voy.
1383 2175 1435 2206 11.
1456 2183 1497 2215 1).
1524 2174 1610 2207 436!

222 2231 508 2274 Sphaerococrus
536 2231 779 2273 triangularis
813 2242 887 2264 var.
921 2231 1076 2263 bisai-ius
1102 2230 1222 2264 Mart.
1249 2230 1309 2264 Fl.
1336 2230 1448 2264 Bras.
1476 2232 1506 2264 1.
1527 2241 1568 2273 p.
1596 2232 1655 2265 36!

222 2288 412 2321 Alsidium
440 2287 640 2321 Seasorthii
668 2286 700 2320 J.
729 2287 798 2330 Ay.
825 2287 863 2320 in
889 2286 983 2321 Lim.
1013 2287 1099 2321 XV.
1120 2297 1161 2330 p.
1191 2290 1246 2322 28.

238 2368 377 2407 Fomae
409 2368 507 2406 mihi
540 2372 649 2407 sunt:

176 2458 209 2483 a.
240 2459 429 2485 DISTieHA
476 2446 620 2485 fronde
653 2447 883 2485 evidentius
926 2459 1171 2499 compressa,
1209 2450 1332 2488 ramis
1371 2450 1522 2489 ambitu
1563 2451 1655 2490 sub-

239 2512 460 2552 linearibus
491 2526 510 2551 a
545 2513 728 2564 margine
761 2513 933 2551 distiche
965 2514 1156 2564 pinnatis.

220 2605 340 2636 Fueus
367 2602 565 2635 ¹Seusorthii
596 2600 711 2634 Turn.
739 2600 761 2634 l.
788 2611 816 2634 c.

176 2684 206 2719 b.
239 2695 475 2721 FASTIGIATA
516 2682 660 2720 fronde
699 2681 928 2720 evidentius
960 2695 1192 2734 compressa
1223 2688 1262 2721 et
1292 2683 1451 2721 inferne
1483 2684 1654 2723 distic-he

240 2761 262 2784 a
292 2748 475 2799 margine
507 2748 687 2800 pinnata,
719 2761 892 2799 superne
923 2748 1127 2799 fastigiata
1159 2749 1295 2800 pinnis
1321 2749 1523 2800 ramisque
1549 2751 1654 2788 serie

240 2815 481 2853 decurrente
512 2828 532 2852 a
565 2815 678 2854 disco
711 2814 1013 2866 emergentibus
1044 2815 1215 2866 sparsim
1247 2819 1403 2854 onusta.
