1728 3110
144 115 167 156 9
176 114 199 155 0
210 114 233 155 6
760 110 1043 153 RHODOMELEAE.
1345 115 1655 171 Polysiphom'a.

139 241 256 280 initio
294 241 377 279 vidi
418 240 546 292 magis
583 240 808 292 hyalinum,
849 240 997 279 sensim
1037 240 1082 278 fit
1117 239 1156 278 in
1188 243 1322 292 partes
1353 242 1546 293 quasdam
1576 256 1656 281 ma-

132 311 243 361 jores
275 309 539 355 subdivisum,
571 309 733 348 demum
766 309 931 348 omnino
963 307 1236 360 granulosum.

248 377 385 416 Genus
416 377 502 426 jam
539 376 580 414 in
620 376 793 428 Synopsi
834 375 1028 428 Algarum
1069 375 1373 423 Scandinaviae,
1417 376 1656 416 characteri-

138 446 210 483 bus
249 448 287 482 et
325 443 521 482 limitibus
567 443 652 481 fere
691 444 811 493 justis
850 443 1211 494 circumscriptum,
1251 443 1323 482 sub
1364 445 1528 483 nomine
1559 445 1656 484 Hut-

138 511 306 549 chinsiae
337 510 587 562 propositum
619 510 706 548 fuit.
765 509 896 558 Quum
928 521 1024 547 vero
1056 521 1204 548 nomen
1234 509 1486 549 Hutchinsiae
1517 512 1656 562 generi

140 579 441 618 Cruciferarum
472 591 495 617 a
524 578 716 617 Brownio
749 582 788 616 et
818 577 1080 628 sequentibus
1110 582 1341 629 usurpatum
1374 578 1528 626 fuisset,
1559 580 1657 619 Gre-

138 646 234 684 ville
283 659 430 685 novum
475 645 687 698 proposuit
731 657 900 689 nomen,
947 644 1054 694 quod
1095 644 1218 683 hodie
1260 645 1309 684 ab
1348 646 1534 685 omnibus
1573 647 1658 685 fere

137 714 371 765 adoptatum
408 712 594 751 vidimus.
660 712 799 760 Quoad
840 712 1093 750 characteres
1134 716 1174 749 et
1214 711 1363 751 limites
1394 714 1554 765 generis
1585 726 1659 752 nec

138 793 305 832 magnos
344 780 547 818 dissensus
588 779 721 817 video.
787 779 848 817 De
886 778 1241 830 Heterosiphoniae
1282 792 1446 832 genere,
1485 794 1507 819 a
1545 782 1659 821 Mon-

138 852 285 900 tagneo
331 848 527 894 instituto,
573 851 693 898 atque
733 847 783 885 de
822 847 1034 898 speciebus
1072 848 1291 895 nonnullis,
1331 861 1429 899 quas
1460 849 1523 887 vel
1555 850 1661 889 inter

140 915 434 954 Rhodomelam
475 918 515 952 et
552 914 898 966 Polysiphoniam‚
936 915 1001 952 vel
1032 914 1137 952 inter
1167 914 1439 967 Rytiphlaeam
1471 921 1511 955 et
1541 918 1659 969 Poly-

139 982 368 1034 siphoniam
401 981 609 1032 ambigere
642 981 912 1027 considerant,
943 981 1065 1020 hodie
1097 986 1252 1020 tantum
1283 987 1450 1023 certant.
1481 984 1535 1023 Ut
1563 985 1660 1023 mihi

141 1050 320 1096 videtur,
361 1053 400 1087 et
443 1048 787 1099 Heterosiphonia
824 1061 846 1085 a
885 1048 1174 1100 Polysiphonia
1212 1050 1373 1102 longius
1411 1052 1583 1098 recedit,
1622 1057 1663 1091 et

140 1117 296 1168 reliqua
341 1129 492 1169 genera
536 1117 656 1155 certis
702 1117 991 1168 dignoscantur
1036 1118 1354 1170 characteribus3
1408 1121 1660 1173 sphaerospo-

141 1198 272 1222 rarum
312 1188 511 1237 proventu
550 1183 589 1222 in
630 1184 794 1222 ramulis
826 1185 932 1223 haud
963 1186 1237 1224 transmutatis
1268 1190 1388 1237 atque
1420 1187 1459 1225 in
1492 1187 1661 1239 singulis

142 1252 321 1290 articulis
366 1251 550 1302 singula),
595 1264 719 1301 quare
764 1252 882 1289 unica
920 1251 1025 1290 serie
1063 1252 1351 1304 longitudinali
1383 1253 1661 1306 disponuntur,

143 1319 433 1371 Polysiphonia
463 1319 512 1357 ab
544 1318 731 1357 omnibus
762 1318 852 1356 aliis
884 1318 1156 1370 dignoscatur.
1220 1319 1418 1359 Stichidia
1447 1321 1592 1374 Dasyae
1624 1325 1664 1359 et

143 1387 385 1439 Rytiphlaeae
424 1390 516 1425 sunt
553 1399 705 1438 organa
742 1399 883 1424 revera
916 1387 1041 1426 multo
1072 1387 1332 1439 perfectiora,
1365 1392 1503 1440 utpote
1534 1392 1661 1426 trans-

144 1454 388 1493 formatione
425 1454 620 1506 peculiari
661 1458 746 1492 orta
784 1458 825 1491 et
860 1454 909 1492 ad
949 1454 1068 1492 finem
1109 1454 1185 1493 sibi
1223 1455 1430 1507 proprium
1471 1454 1662 1503 formata,

144 1521 381 1573 siphonibus
420 1533 583 1572 quoque
620 1521 802 1572 pluribus
840 1520 945 1559 intra
982 1521 1157 1560 eundem
1196 1522 1410 1561 articulum
1449 1536 1662 1575 praegnan-

144 1589 250 1628 tibus
295 1588 455 1627 abunde
501 1588 672 1626 diversa.
746 1588 999 1627 Rhodomela
1045 1589 1211 1641 insuper
1252 1589 1388 1628 differt
1435 1590 1663 1630 differentia

146 1659 367 1694 structurae.

254 1721 608 1773 Heterosiphoniae
648 1733 788 1772 genus,
827 1734 850 1759 a
886 1721 1132 1773 Montagneo
1170 1722 1419 1770 institutum,
1456 1725 1506 1763 ad
1545 1725 1663 1776 Poly-

146 1789 374 1842 siphoniam
406 1789 614 1828 revocavit
644 1789 818 1840 Harvey,
849 1802 913 1827 me
938 1790 1091 1839 judice,
1123 1790 1282 1841 injuria.
1330 1791 1392 1830 Sit
1422 1796 1464 1830 ut
1493 1796 1662 1831 structu-

146 1871 229 1896 ram
262 1857 422 1908 generis
453 1856 585 1894 minus
623 1856 731 1894 clare
762 1857 999 1908 exposuerit
1028 1862 1189 1907 auctor;
1229 1860 1324 1909 quin
1356 1860 1480 1899 immo
1511 1860 1543 1898 si
1574 1873 1663 1912 spe-

147 1924 250 1962 ciem
282 1924 416 1969 aliam,
448 1935 566 1974 quam
598 1923 646 1961 ad
679 1923 1010 1975 Polysiphoniam
1042 1925 1237 1963 retulerat
1265 1926 1546 1978 Montagneus,
1574 1938 1662 1965 cum

146 1990 489 2043 Heterosiphonia
526 1989 744 2028 identicam
777 2002 879 2037 esse,
911 1991 1003 2041 jure
1035 1992 1377 2031 demonstraverit
1406 1993 1580 2045 Harvey,
1611 1997 1666 2032 ta-

149 2072 240 2097 men
280 2057 556 2096 diversitatem
596 2068 683 2095 esse
721 2057 1024 2109 Polysiphoniae
1062 2062 1102 2097 et
1138 2059 1506 2112 Heterosiphoniae,
1545 2061 1666 2099 nullis

150 2126 282 2164 dubiis
320 2138 464 2163 vacare
502 2124 793 2163 existimarem.
858 2124 987 2163 Frons
1028 2125 1383 2178 Heterosiphoniae
1413 2131 1474 2165 est
1503 2140 1665 2180 anceps,

150 2193 387 2245 siphonibus
424 2191 760 2244 pericentralibus
799 2191 971 2243 duplicis
1010 2193 1172 2243 generis
1204 2193 1444 2243 constituta3
1475 2194 1666 2246 siphones

151 2273 295 2312 nempe
326 2260 470 2297 faciem
503 2259 673 2297 anticam
708 2262 748 2296 et
776 2258 972 2310 posticam
1006 2264 1250 2312 occupantes
1281 2265 1373 2299 sunt
1399 2261 1664 2313 angustiores,

151 2328 394 2379 marginales
438 2327 615 2366 latiores·
689 2325 777 2374 Qua
817 2330 1013 2364 structura
1051 2328 1101 2365 ab
1141 2327 1327 2367 omnibus
1366 2329 1665 2380 Polysiphoniis

151 2394 344 2446 legitimis
374 2394 537 2432 recedit.
597 2393 684 2431 Nec
714 2392 866 2430 fructus
897 2397 988 2431 sunt
1023 2393 1338 2446 Polysiphoniae.
1396 2395 1450 2433 Et
1479 2395 1666 2434 stichidia.

152 2462 364 2500 lancoidea
402 2465 441 2499 et
477 2461 653 2513 capsulze
691 2460 915 2507 calcaratae,
955 2464 997 2499 ut
1026 2462 1169 2500 eadem
1201 2474 1253 2500 ex
1284 2463 1402 2502 icone
1432 2463 1664 2514 Montagnei

152 2529 419 2580 interpretare
456 2528 639 2573 audeam,
682 2532 773 2565 sunt
801 2528 945 2579 Dasyae
977 2540 1051 2566 nec
1082 2541 1178 2568 vero
1210 2529 1524 2581 Polysiphoniae.
1588 2529 1664 2568 Co-

157 2596 215 2634 lor
259 2600 319 2634 est
361 2597 528 2648 Dasyae;
572 2595 867 2634 ramificatione
912 2608 1073 2646 quoque
1118 2598 1309 2648 quasdam
1354 2598 1509 2649 Dasyas
1546 2610 1664 2647 quam

153 2663 339 2713 proxime
370 2663 506 2701 refert.
573 2662 726 2711 Quibus
758 2662 945 2701 omnibus
974 2664 1199 2715 perpensis,
1230 2664 1610 2716 Heterosiphoniam
1643 2677 1666 2702 a

155 2729 442 2781 Polysiphonia
474 2742 562 2768 esse
593 2730 879 2769 removendam
906 2731 999 2780 jure
1030 2744 1189 2770 sumere
1220 2732 1317 2770 mihi
1348 2731 1502 2771 videor.

264 2795 298 2832 A
329 2796 618 2848 Polysiphonia
647 2803 845 2848 praeterea
875 2798 1111 2848 separandae
1137 2798 1233 2836 mihi
1261 2798 1449 2837 videntur
1466 2803 1547 2836 tum
1565 2812 1664 2838 non-

157 2862 277 2901 nullae
315 2862 485 2914 species,
523 2875 612 2913 quae
643 2864 694 2903 ad
724 2863 1002 2916 Bostrychiam
1034 2870 1074 2903 et
1104 2864 1397 2905 Rhodomelam
1430 2865 1574 2903 melius
1603 2878 1663 2904 re-
