1728 3110
116 97 168 139 4⁶2
179 101 201 141 5
212 98 235 139 2
736 98 1018 142 RHODOMELEAE.
1409 107 1618 149 Hanovia.

216 228 323 267 riora
354 229 636 286 provenientia
667 230 1024 276 ovato—urceolata,
1063 230 1168 270 intra
1197 231 1467 284 pericarpium
1497 232 1621 271 cellu-

216 296 346 334 losum
378 297 778 336 monostromaticum
799 297 1069 349 carpostomio
1087 302 1269 349 apertum
1288 299 1507 350 gemmidia
1525 299 1621 338 obo-

216 368 307 402 vata
338 364 377 403 in
410 365 580 404 articulo
612 365 815 403 terminali
850 365 1008 404 stilorum
1039 379 1060 403 a
1092 365 1279 417 placenta
1310 366 1434 404 basali
1465 366 1623 405 radian-

216 431 315 469 tium
346 431 538 470 foventia.
581 432 771 470 Stis-levatam
802 432 850 470 ad
882 432 1068 483 genicula
1100 433 1342 471 verticillata.
1372 445 1622 485 compresso-

216 498 413 550 lingulata
444 500 742 551 polysiphonia,
772 500 877 538 intra
910 500 1077 538 cellulas
1107 501 1381 552 periphericas
1399 500 1623 539 monilifor-

216 567 335 604 miter
366 567 537 614 inflatas,
569 567 870 619 sphaerosporas
901 567 1053 619 duplici
1084 567 1189 605 serie
1220 567 1503 618 longitudinali
1544 567 1622 605 dis—

216 633 381 685 positas,
413 635 614 686 tri-ungule
648 634 798 673 divisas
830 635 1022 674 foventia.

216 712 398 751 Frondes
429 713 702 751 teretiusculae
734 718 802 751 aut
831 726 1087 765 compi-essee,
1120 713 1449 766 simpliciusculae
1479 716 1547 751 aut
1563 725 1623 750 ra-

106 778 354 818 miticatione
384 780 616 819 dichotoma
646 781 686 818 in
718 794 851 819 ramos
882 793 1031 832 paucos
1049 781 1278 820 conformes
1303 781 1511 826 abeuntes,
1529 784 1624 819 totae

107 845 184 884 filis
230 847 451 885 articulatis
494 847 817 898 monosiphoniis
861 847 1071 899 (adspectu
1104 852 1144 884 et
1172 852 1334 885 textura
1377 846 1622 886 Griffithiam

106 914 407 958 stimulantibus)
438 914 680 952 reticulatim
713 914 952 965 conjunctis,
992 914 1156 953 extimis
1186 919 1337 952 tantum
1370 914 1545 952 invicem
1576 913 1624 950 li-

106 982 225 1027 beris,
258 982 500 1020 constitutae.
559 982 645 1019 Fila
678 982 873 1019 centralia
904 982 1021 1020 initio
1054 982 1258 1033 pauciora,
1301 981 1452 1019 sensim
1496 982 1625 1032 plura,

104 1049 193 1100 plus
224 1049 356 1087 minus
388 1049 599 1087 evidenter
630 1048 980 1099 longitudinaliter
1017 1049 1276 1087 excurrentia
1305 1048 1508 1098 ramisque
1539 1060 1624 1086 ere-

104 1117 310 1155 ctiusculis
341 1129 430 1154 cuin
464 1116 609 1154 vicinis
640 1117 856 1165 conjuncta
886 1121 950 1154 aut
984 1116 1308 1155 anastomosibus
1339 1116 1467 1166 magis
1499 1120 1625 1154 trans-

105 1184 327 1222 versalibus
358 1188 544 1229 connata,
576 1183 688 1233 quasi
734 1195 853 1220 axem
902 1183 1050 1234 plantae
1081 1183 1350 1230 constituuntq
1382 1195 1435 1220 ex
1466 1182 1527 1219 his
1559 1182 1625 1219 fila

102 1251 359 1302 peripherica
388 1250 706 1302 simpliciuscula
745 1254 814 1288 aut
843 1250 1088 1295 dichotoma,
1120 1250 1185 1287 vel
1217 1249 1257 1287 in
1288 1250 1481 1288 interiore
1512 1252 1625 1300 parte

103 1318 358 1364 tricliotoma,
389 1318 518 1369 magis
549 1317 741 1369 patentia,
768 1316 942 1354 invicem
975 1317 1103 1356 libera
1132 1316 1390 1369 proveniunt,
1421 1316 1624 1354 frondem-

104 1397 181 1435 que
214 1385 380 1423 ramulis
412 1384 798 1423 callithamnioideis
843 1384 932 1435 plus
978 1384 1108 1422 minus
1150 1384 1335 1429 velatam,
1366 1388 1434 1421 aut
1463 1383 1623 1421 demum

102 1453 163 1491 his
195 1453 365 1492 detersis
411 1453 653 1491 denudatam
695 1451 880 1489 reddunt.
939 1451 1056 1488 Rami
1102 1450 1259 1489 filorum
1300 1450 1349 1488 ad
1393 1450 1622 1501 geniculum

102 1521 291 1571 quodque
324 1520 471 1571 singuli
504 1524 572 1557 aut
600 1519 736 1570 plures
776 1518 1033 1569 proveniunt,
1073 1518 1143 1555 alii
1177 1517 1432 1556 erectiusculi
1464 1521 1505 1555 et
1534 1529 1623 1555 sen-

102 1588 176 1625 sim
208 1600 297 1625 cum
330 1587 529 1638 proximis
560 1585 780 1636 conjuncti,
812 1585 880 1622 alii
912 1585 1159 1636 patentiores
1190 1585 1257 1622 fila
1277 1584 1522 1636 peripheria,
1552 1597 1623 1622 suo

102 1655 245 1693 ordine
276 1654 482 1694 subdivisa
513 1659 553 1691 et
582 1652 905 1691 anastomosibus
950 1653 1177 1701 conjuncta,
1222 1652 1455 1690 formantes.
1515 1650 1622 1689 Arti-

102 1722 283 1760 culorum
329 1721 614 1766 endochroma,
660 1720 781 1758 modo
814 1719 1045 1766 Griflithiae,
1077 1719 1354 1757 exsiccatione
1401 1719 1441 1757 in
1486 1718 1622 1757 medio

101 1788 363 1834 contrahitur,
396 1787 595 1839 geniculis
626 1788 783 1825 intense
814 1786 1018 1825 coloratis.

213 1857 382 1895 Fructus
412 1857 619 1906 utriusque
650 1855 825 1907 generis,
856 1860 891 1893 at
927 1855 966 1892 in
999 1854 1169 1892 diversis
1198 1854 1424 1905 speciebus,
1455 1854 1621 1905 cogniti.

105 1923 335 1961 Keramidia
366 1923 424 1965 (in
456 1923 508 1960 H.
540 1923 726 1971 (lustrali)
757 1921 807 1959 ad
839 1921 905 1958 tila
936 1920 1130 1958 cena-alia
1168 1933 1341 1972 superne
1380 1919 1621 1972 provenien-

102 1990 169 2036 tia,
200 1990 446 2040 ramulisque
477 1988 745 2041 periphericis
777 1988 1002 2026 numerosis
1033 1988 1191 2040 stipata,
1223 1987 1472 2033 subsessilia,
1504 1992 1622 2026 ovata

103 2062 142 2095 et
172 2058 275 2095 infra
294 2057 450 2108 apicem
470 2056 909 2094 urceolam-dilatatum
941 2059 1167 2104 contracta;
1199 2055 1469 2106 pericarpium
1500 2059 1620 2092 tenue

102 2124 501 2163 monostromaticum
535 2127 692 2161 constat
729 2122 886 2160 cellulis
926 2121 1277 2173 longitudinaliter
1307 2122 1465 2160 seriatis
1496 2122 1619 2160 hexa-

102 2190 470 2243 gono-rotundatis,
501 2190 586 2228 fere
618 2189 828 2228 latioribus
859 2201 978 2238 quam
1010 2189 1156 2240 longis,
1188 2189 1227 2227 in
1260 2189 1442 2227 seriebus
1473 2188 1618 2226 vicinis

102 2258 325 2310 saepissime
357 2256 662 2302 alternantibus,
693 2268 764 2293 sua
801 2255 983 2293 crassitie
1022 2255 1247 2294 crassitiem
1285 2255 1501 2308 pericarpii
1532 2254 1618 2292 efti-

102 2326 323 2373 cientibus;
354 2324 666 2376 carpostomium
701 2323 786 2360 sine
818 2322 940 2361 dubio
985 2324 1197 2361 terminale
1245 2333 1371 2365 (nunc
1401 2322 1620 2374 gemmidia

102 2393 205 2432 infra
236 2393 393 2444 apicem
425 2391 646 2430 lateraliter
677 2390 927 2441 erumpentia
947 2391 1192 2442 (pericarpio
1219 2390 1521 2442 compressione
1539 2389 1617 2428 for-

102 2473 171 2498 san
203 2460 320 2508 laeso)
351 2459 466 2508 vidi).
525 2457 704 2496 Nucleus
751 2456 895 2495 basalis
934 2462 1043 2501 (cum
1089 2457 1337 2509 gemmidiis)
1382 2456 1616 2495 inferiorem

101 2526 316 2565 keramidii
360 2530 516 2577 partem
559 2528 713 2563 tantum
759 2527 949 2575 00011pat;
994 2523 1181 2574 placenta
1218 2525 1384 2576 plexum
1415 2536 1615 2561 ramosum

102 2594 187 2632 fere
217 2593 317 2632 rami
349 2592 479 2638 offert,
495 2596 534 2629 at
565 2590 844 2641 maximopere
876 2594 1147 2638 contractum;
1179 2591 1337 2629 cellulae
1353 2590 1510 2629 basales
1528 2595 1618 2628 sunt

102 2662 245 2699 breves
277 2661 361 2698 fere
399 2659 602 2710 globosae;
632 2656 777 2695 ramuli
807 2656 868 2694 his
911 2656 1089 2694 insident
1129 2657 1334 2695 tenuiores
1366 2656 1614 2695 dichotomo-

103 2726 295 2778 fastigiati
327 2730 367 2764 et
396 2723 720 2763 anastomosibus
745 2710 899 2773 juncti3
924 2722 1065 2761 horum
1096 2723 1253 2761 articuli
1286 2722 1415 2761 ultimi
1447 2723 1614 2774 gemmi-

103 2792 179 2830 diis
209 2796 467 2844 praegnantes
498 2794 600 2828 sunt.
660 2788 892 2828 Geminidia
935 2789 1096 2827 demum
1140 2801 1465 2840 quoquoversum
1509 2788 1613 2826 radi-

103 2859 224 2905 antia,
255 2858 620 2902 clavato-obovata‚
659 2856 893 2896 membrana
928 2855 1086 2894 cellulae
1117 2855 1277 2907 hyalina
1308 2855 1474 2893 inclusa.
1535 2854 1612 2891 Sti-
