<?xml version="1.0" encoding="UTF-8"?>
<!DOCTYPE html PUBLIC "-//W3C//DTD XHTML 1.0 Transitional//EN"
    "http://www.w3.org/TR/xhtml1/DTD/xhtml1-transitional.dtd">
<html xmlns="http://www.w3.org/1999/xhtml" xml:lang="en" lang="en">
 <head>
  <title>
</title>
<meta http-equiv="Content-Type" content="text/html;charset=utf-8" />
  <meta name='ocr-system' content='tesseract 3.04.00' />
  <meta name='ocr-capabilities' content='ocr_page ocr_carea ocr_par ocr_line ocrx_word'/>
</head>
<body>
  <div class='ocr_page' id='page_1' title='image "./speciesgeneraeto0203agar_0544.png"; bbox 0 0 1728 3110; ppageno 0'>
   <div class='ocr_carea' id='block_1_1' title="bbox 114 82 1624 135">
    <p class='ocr_par' dir='ltr' id='par_1_1' title="bbox 114 82 1624 135">
     <span class='ocr_line' id='line_1_1' title="bbox 114 82 1624 135; baseline -0.001 -13"><span class='ocrx_word' id='word_1_1' title='bbox 114 82 167 122; x_wconf 71' lang='lat'>42</span> <span class='ocrx_word' id='word_1_2' title='bbox 177 85 199 123; x_wconf 77' lang='lat'>5</span> <span class='ocrx_word' id='word_1_3' title='bbox 210 83 233 122; x_wconf 68' lang='lat'>4</span> <span class='ocrx_word' id='word_1_4' title='bbox 733 82 1014 124; x_wconf 76' lang='lat' dir='ltr'>RHoDOMELEAE.</span> <span class='ocrx_word' id='word_1_5' title='bbox 1416 92 1624 135; x_wconf 49' lang='lat' dir='ltr'>Hanovia,</span> 
     </span>
    </p>
   </div>
   <div class='ocr_carea' id='block_1_2' title="bbox 96 211 1624 1473">
    <p class='ocr_par' dir='ltr' id='par_1_2' title="bbox 97 211 1624 1206">
     <span class='ocr_line' id='line_1_2' title="bbox 106 211 1622 269; baseline 0.004 -20"><span class='ocrx_word' id='word_1_6' title='bbox 106 211 184 249; x_wconf 90' lang='lat' dir='ltr'>niis</span> <span class='ocrx_word' id='word_1_7' title='bbox 214 214 299 249; x_wconf 86' lang='lat' dir='ltr'>tota</span> <span class='ocrx_word' id='word_1_8' title='bbox 328 211 559 258; x_wconf 85' lang='lat' dir='ltr'>constituta,</span> <span class='ocrx_word' id='word_1_9' title='bbox 591 224 670 262; x_wconf 86' lang='lat' dir='ltr'>qua.</span> <span class='ocrx_word' id='word_1_10' title='bbox 701 216 794 251; x_wconf 86' lang='lat' dir='ltr'>nota</span> <span class='ocrx_word' id='word_1_11' title='bbox 825 213 874 252; x_wconf 80' lang='lat' dir='ltr'>ab</span> <span class='ocrx_word' id='word_1_12' title='bbox 905 212 996 251; x_wconf 85' lang='lat' dir='ltr'>aliis</span> <span class='ocrx_word' id='word_1_13' title='bbox 1028 213 1217 253; x_wconf 85' lang='lat' dir='ltr'>omnibus</span> <span class='ocrx_word' id='word_1_14' title='bbox 1247 214 1537 255; x_wconf 87' lang='lat' dir='ltr'>Rhodomeleis</span> <span class='ocrx_word' id='word_1_15' title='bbox 1554 231 1622 269; x_wconf 82' lang='lat' dir='ltr'>ge-</span> 
     </span>
     <span class='ocr_line' id='line_1_3' title="bbox 105 277 1623 335; baseline 0.005 -20"><span class='ocrx_word' id='word_1_16' title='bbox 105 291 178 316; x_wconf 90' lang='lat' dir='ltr'>nus</span> <span class='ocrx_word' id='word_1_17' title='bbox 208 277 406 316; x_wconf 82' lang='lat' dir='ltr'>Hanoviae</span> <span class='ocrx_word' id='word_1_18' title='bbox 437 279 604 317; x_wconf 76' lang='lat' dir='ltr'><strong>recedit.</strong></span> <span class='ocrx_word' id='word_1_19' title='bbox 663 278 941 331; x_wconf 80' lang='lat' dir='ltr'>Wrangelieis</span> <span class='ocrx_word' id='word_1_20' title='bbox 971 280 1236 332; x_wconf 83' lang='lat' dir='ltr'>propinquius</span> <span class='ocrx_word' id='word_1_21' title='bbox 1282 282 1396 328; x_wconf 88' lang='lat' dir='ltr'>(licet</span> <span class='ocrx_word' id='word_1_22' title='bbox 1441 285 1623 335; x_wconf 88' lang='lat' dir='ltr'>superius</span> 
     </span>
     <span class='ocr_line' id='line_1_4' title="bbox 104 344 1623 397; baseline 0.006 -16"><span class='ocrx_word' id='word_1_23' title='bbox 104 344 332 397; x_wconf 86' lang='lat' dir='ltr'>pericarpio</span> <span class='ocrx_word' id='word_1_24' title='bbox 364 345 598 392; x_wconf 85' lang='lat' dir='ltr'>fructuum),</span> <span class='ocrx_word' id='word_1_25' title='bbox 625 346 769 385; x_wconf 86' lang='lat' dir='ltr'>nucleo</span> <span class='ocrx_word' id='word_1_26' title='bbox 799 347 1013 386; x_wconf 84' lang='lat' dir='ltr'>keramidii</span> <span class='ocrx_word' id='word_1_27' title='bbox 1049 352 1088 385; x_wconf 90' lang='lat' dir='ltr'>et</span> <span class='ocrx_word' id='word_1_28' title='bbox 1117 352 1315 387; x_wconf 85' lang='lat' dir='ltr'>structura</span> <span class='ocrx_word' id='word_1_29' title='bbox 1344 349 1498 388; x_wconf 85' lang='lat' dir='ltr'>frondis</span> <span class='ocrx_word' id='word_1_30' title='bbox 1529 363 1623 390; x_wconf 86' lang='lat' dir='ltr'>con-</span> 
     </span>
     <span class='ocr_line' id='line_1_5' title="bbox 104 414 1623 466; baseline 0.005 -16"><span class='ocrx_word' id='word_1_31' title='bbox 104 418 288 463; x_wconf 80' lang='lat' dir='ltr'>gruente,</span> <span class='ocrx_word' id='word_1_32' title='bbox 319 414 452 453; x_wconf 89' lang='lat' dir='ltr'>forsan</span> <span class='ocrx_word' id='word_1_33' title='bbox 486 415 1014 466; x_wconf 39' lang='lat' dir='ltr'>quispiam,consideraret;</span> <span class='ocrx_word' id='word_1_34' title='bbox 1047 420 1222 454; x_wconf 75' lang='lat' dir='ltr'>attamen</span> <span class='ocrx_word' id='word_1_35' title='bbox 1255 418 1442 456; x_wconf 84' lang='lat' dir='ltr'>stichidia</span> <span class='ocrx_word' id='word_1_36' title='bbox 1461 419 1623 458; x_wconf 87' lang='lat' dir='ltr'>Rhodo-</span> 
     </span>
     <span class='ocr_line' id='line_1_6' title="bbox 104 480 1622 536; baseline 0.004 -18"><span class='ocrx_word' id='word_1_37' title='bbox 104 480 275 518; x_wconf 87' lang='lat' dir='ltr'>meleam</span> <span class='ocrx_word' id='word_1_38' title='bbox 325 482 560 528; x_wconf 76' lang='lat' dir='ltr'>indicantia,</span> <span class='ocrx_word' id='word_1_39' title='bbox 605 482 682 521; x_wconf 89' lang='lat' dir='ltr'>hoc</span> <span class='ocrx_word' id='word_1_40' title='bbox 724 483 821 520; x_wconf 90' lang='lat' dir='ltr'>mihi</span> <span class='ocrx_word' id='word_1_41' title='bbox 853 483 984 521; x_wconf 83' lang='lat' dir='ltr'>adhuc</span> <span class='ocrx_word' id='word_1_42' title='bbox 1022 488 1170 522; x_wconf 84' lang='lat' dir='ltr'>vetant.</span> <span class='ocrx_word' id='word_1_43' title='bbox 1234 484 1445 532; x_wconf 78' lang='lat' dir='ltr'>Stiehidia,</span> <span class='ocrx_word' id='word_1_44' title='bbox 1490 487 1622 536; x_wconf 83' lang='lat' dir='ltr'>qualia</span> 
     </span>
     <span class='ocr_line' id='line_1_7' title="bbox 103 549 1623 604; baseline 0.004 -18"><span class='ocrx_word' id='word_1_45' title='bbox 103 549 245 586; x_wconf 85' lang='lat' dir='ltr'>eadem</span> <span class='ocrx_word' id='word_1_46' title='bbox 279 562 398 601; x_wconf 85' lang='lat' dir='ltr'>supra</span> <span class='ocrx_word' id='word_1_47' title='bbox 431 549 662 587; x_wconf 76' lang='lat' dir='ltr'>describere</span> <span class='ocrx_word' id='word_1_48' title='bbox 709 555 874 589; x_wconf 82' lang='lat' dir='ltr'>conatus</span> <span class='ocrx_word' id='word_1_49' title='bbox 905 564 1006 596; x_wconf 80' lang='lat' dir='ltr'>sum,</span> <span class='ocrx_word' id='word_1_50' title='bbox 1038 551 1215 602; x_wconf 75' lang='lat' dir='ltr'>plantam</span> <span class='ocrx_word' id='word_1_51' title='bbox 1250 551 1524 591; x_wconf 73' lang='lat' dir='ltr'>Sareomeniae</span> <span class='ocrx_word' id='word_1_52' title='bbox 1553 566 1623 604; x_wconf 91' lang='lat' dir='ltr'>po—</span> 
     </span>
     <span class='ocr_line' id='line_1_8' title="bbox 101 615 1623 671; baseline 0.003 -18"><span class='ocrx_word' id='word_1_53' title='bbox 101 615 301 654; x_wconf 87' lang='lat' dir='ltr'>tissimum</span> <span class='ocrx_word' id='word_1_54' title='bbox 344 616 509 654; x_wconf 75' lang='lat' dir='ltr'>affinem</span> <span class='ocrx_word' id='word_1_55' title='bbox 548 616 728 655; x_wconf 87' lang='lat' dir='ltr'>indicare</span> <span class='ocrx_word' id='word_1_56' title='bbox 773 617 871 655; x_wconf 89' lang='lat' dir='ltr'>mihi</span> <span class='ocrx_word' id='word_1_57' title='bbox 903 618 1187 669; x_wconf 82' lang='lat' dir='ltr'>adparuerunt.</span> <span class='ocrx_word' id='word_1_58' title='bbox 1246 619 1364 667; x_wconf 71' lang='lat' dir='ltr'>Quod</span> <span class='ocrx_word' id='word_1_59' title='bbox 1397 623 1457 657; x_wconf 86' lang='lat' dir='ltr'>est</span> <span class='ocrx_word' id='word_1_60' title='bbox 1487 619 1623 671; x_wconf 68' lang='lat' dir='ltr'>Dicty-</span> 
     </span>
     <span class='ocr_line' id='line_1_9' title="bbox 102 683 1623 736; baseline 0.003 -17"><span class='ocrx_word' id='word_1_61' title='bbox 102 695 196 720; x_wconf 88' lang='lat' dir='ltr'>urus</span> <span class='ocrx_word' id='word_1_62' title='bbox 226 683 384 735; x_wconf 73' lang='lat' dir='ltr'>Dasyac,</span> <span class='ocrx_word' id='word_1_63' title='bbox 423 683 499 721; x_wconf 89' lang='lat' dir='ltr'>boc</span> <span class='ocrx_word' id='word_1_64' title='bbox 548 683 631 721; x_wconf 85' lang='lat' dir='ltr'>fere</span> <span class='ocrx_word' id='word_1_65' title='bbox 677 688 783 721; x_wconf 85' lang='lat' dir='ltr'>esset</span> <span class='ocrx_word' id='word_1_66' title='bbox 828 683 1013 722; x_wconf 83' lang='lat' dir='ltr'>Hanovia</span> <span class='ocrx_word' id='word_1_67' title='bbox 1044 685 1332 724; x_wconf 73' lang='lat' dir='ltr'>Sarcomeniae.</span> <span class='ocrx_word' id='word_1_68' title='bbox 1393 685 1536 736; x_wconf 86' lang='lat' dir='ltr'>Neque</span> <span class='ocrx_word' id='word_1_69' title='bbox 1566 690 1623 724; x_wconf 87' lang='lat' dir='ltr'>ta-</span> 
     </span>
     <span class='ocr_line' id='line_1_10' title="bbox 101 750 1622 803; baseline 0.003 -17"><span class='ocrx_word' id='word_1_70' title='bbox 101 762 194 788; x_wconf 88' lang='lat' dir='ltr'>men</span> <span class='ocrx_word' id='word_1_71' title='bbox 227 751 313 789; x_wconf 77' lang='lat' dir='ltr'>haec</span> <span class='ocrx_word' id='word_1_72' title='bbox 343 751 532 802; x_wconf 79' lang='lat' dir='ltr'>analogia</span> <span class='ocrx_word' id='word_1_73' title='bbox 577 751 743 789; x_wconf 86' lang='lat' dir='ltr'>omnino</span> <span class='ocrx_word' id='word_1_74' title='bbox 789 750 865 788; x_wconf 84' lang='lat' dir='ltr'>sibi</span> <span class='ocrx_word' id='word_1_75' title='bbox 896 754 1065 789; x_wconf 79' lang='lat' dir='ltr'>constat.</span> <span class='ocrx_word' id='word_1_76' title='bbox 1125 752 1228 789; x_wconf 90' lang='lat' dir='ltr'>Dum</span> <span class='ocrx_word' id='word_1_77' title='bbox 1262 751 1478 803; x_wconf 70' lang='lat' dir='ltr'>Dictyurus</span> <span class='ocrx_word' id='word_1_78' title='bbox 1509 753 1622 803; x_wconf 90' lang='lat' dir='ltr'>quasi</span> 
     </span>
     <span class='ocr_line' id='line_1_11' title="bbox 98 817 1621 869; baseline 0.003 -15"><span class='ocrx_word' id='word_1_79' title='bbox 98 817 244 869; x_wconf 76' lang='lat' dir='ltr'>Dasyae</span> <span class='ocrx_word' id='word_1_80' title='bbox 277 817 431 857; x_wconf 79' lang='lat' dir='ltr'>frondis</span> <span class='ocrx_word' id='word_1_81' title='bbox 463 818 759 869; x_wconf 73' lang='lat' dir='ltr'>compositione</span> <span class='ocrx_word' id='word_1_82' title='bbox 791 817 988 869; x_wconf 88' lang='lat' dir='ltr'>superius,</span> <span class='ocrx_word' id='word_1_83' title='bbox 1019 818 1204 857; x_wconf 80' lang='lat' dir='ltr'>Hanovia</span> <span class='ocrx_word' id='word_1_84' title='bbox 1232 818 1373 857; x_wconf 82' lang='lat' dir='ltr'>fronde</span> <span class='ocrx_word' id='word_1_85' title='bbox 1391 818 1518 856; x_wconf 84' lang='lat' dir='ltr'>sterili</span> <span class='ocrx_word' id='word_1_86' title='bbox 1539 832 1621 858; x_wconf 87' lang='lat' dir='ltr'>mo-</span> 
     </span>
     <span class='ocr_line' id='line_1_12' title="bbox 98 884 1621 936; baseline 0 -13"><span class='ocrx_word' id='word_1_87' title='bbox 98 885 342 936; x_wconf 86' lang='lat' dir='ltr'>nosiphonia.</span> <span class='ocrx_word' id='word_1_88' title='bbox 375 890 435 922; x_wconf 87' lang='lat' dir='ltr'>est</span> <span class='ocrx_word' id='word_1_89' title='bbox 475 884 750 923; x_wconf 73' lang='lat' dir='ltr'>Sareomeniae</span> <span class='ocrx_word' id='word_1_90' title='bbox 797 884 1096 934; x_wconf 80' lang='lat' dir='ltr'>quodammodo</span> <span class='ocrx_word' id='word_1_91' title='bbox 1142 885 1323 924; x_wconf 87' lang='lat' dir='ltr'>inferius.</span> <span class='ocrx_word' id='word_1_92' title='bbox 1395 885 1621 924; x_wconf 86' lang='lat' dir='ltr'>Hanoviam</span> 
     </span>
     <span class='ocr_line' id='line_1_13' title="bbox 98 951 1624 1005; baseline 0.001 -15"><span class='ocrx_word' id='word_1_93' title='bbox 98 953 234 1003; x_wconf 86' lang='lat' dir='ltr'>itaque</span> <span class='ocrx_word' id='word_1_94' title='bbox 265 953 312 991; x_wconf 88' lang='lat' dir='ltr'>ad</span> <span class='ocrx_word' id='word_1_95' title='bbox 345 953 512 991; x_wconf 78' lang='lat' dir='ltr'>Tribuni</span> <span class='ocrx_word' id='word_1_96' title='bbox 560 951 805 1004; x_wconf 72' lang='lat' dir='ltr'>peculiarem</span> <span class='ocrx_word' id='word_1_97' title='bbox 852 952 998 998; x_wconf 87' lang='lat' dir='ltr'>refero,</span> <span class='ocrx_word' id='word_1_98' title='bbox 1045 952 1148 991; x_wconf 83' lang='lat' dir='ltr'>intra</span> <span class='ocrx_word' id='word_1_99' title='bbox 1193 966 1311 1004; x_wconf 83' lang='lat' dir='ltr'>quam</span> <span class='ocrx_word' id='word_1_100' title='bbox 1358 953 1551 1005; x_wconf 86' lang='lat' dir='ltr'>Dictyuro</span> <span class='ocrx_word' id='word_1_101' title='bbox 1584 958 1624 992; x_wconf 92' lang='lat' dir='ltr'>et</span> 
     </span>
     <span class='ocr_line' id='line_1_14' title="bbox 100 1018 1620 1071; baseline 0 -14"><span class='ocrx_word' id='word_1_102' title='bbox 100 1018 291 1058; x_wconf 78' lang='lat' dir='ltr'>Claudeae</span> <span class='ocrx_word' id='word_1_103' title='bbox 323 1020 546 1059; x_wconf 86' lang='lat' dir='ltr'>Hanoviam</span> <span class='ocrx_word' id='word_1_104' title='bbox 581 1019 794 1070; x_wconf 74' lang='lat' dir='ltr'>analogam</span> <span class='ocrx_word' id='word_1_105' title='bbox 827 1032 998 1066; x_wconf 55' lang='lat' dir='ltr'>oensem</span> <span class='ocrx_word' id='word_1_106' title='bbox 1037 1021 1150 1069; x_wconf 71' lang='lat' dir='ltr'>cujus</span> <span class='ocrx_word' id='word_1_107' title='bbox 1181 1021 1308 1059; x_wconf 80' lang='lat' dir='ltr'>tribus</span> <span class='ocrx_word' id='word_1_108' title='bbox 1338 1032 1489 1071; x_wconf 78' lang='lat' dir='ltr'>genera</span> <span class='ocrx_word' id='word_1_109' title='bbox 1518 1019 1620 1058; x_wconf 87' lang='lat' dir='ltr'>infe—</span> 
     </span>
     <span class='ocr_line' id='line_1_15' title="bbox 97 1085 1621 1138; baseline 0.001 -14"><span class='ocrx_word' id='word_1_110' title='bbox 97 1086 204 1125; x_wconf 89' lang='lat' dir='ltr'>riora</span> <span class='ocrx_word' id='word_1_111' title='bbox 233 1090 300 1125; x_wconf 80' lang='lat' dir='ltr'>aut</span> <span class='ocrx_word' id='word_1_112' title='bbox 331 1087 557 1125; x_wconf 84' lang='lat' dir='ltr'>adhucdum</span> <span class='ocrx_word' id='word_1_113' title='bbox 607 1086 704 1124; x_wconf 85' lang='lat' dir='ltr'>mihi</span> <span class='ocrx_word' id='word_1_114' title='bbox 749 1085 900 1137; x_wconf 70' lang='lat' dir='ltr'>ignota,</span> <span class='ocrx_word' id='word_1_115' title='bbox 939 1091 1007 1124; x_wconf 86' lang='lat' dir='ltr'>aut</span> <span class='ocrx_word' id='word_1_116' title='bbox 1053 1087 1184 1125; x_wconf 82' lang='lat' dir='ltr'>forsan</span> <span class='ocrx_word' id='word_1_117' title='bbox 1218 1086 1495 1138; x_wconf 81' lang='lat' dir='ltr'>Wrangelieis</span> <span class='ocrx_word' id='word_1_118' title='bbox 1526 1099 1621 1126; x_wconf 86' lang='lat' dir='ltr'>con-</span> 
     </span>
     <span class='ocr_line' id='line_1_16' title="bbox 97 1153 1428 1206; baseline 0.001 -15"><span class='ocrx_word' id='word_1_119' title='bbox 97 1153 246 1200; x_wconf 84' lang='lat' dir='ltr'>stituta,</span> <span class='ocrx_word' id='word_1_120' title='bbox 279 1168 384 1193; x_wconf 72' lang='lat' dir='ltr'>nova.</span> <span class='ocrx_word' id='word_1_121' title='bbox 415 1167 565 1206; x_wconf 80' lang='lat' dir='ltr'>genera</span> <span class='ocrx_word' id='word_1_122' title='bbox 597 1154 757 1192; x_wconf 86' lang='lat' dir='ltr'>detecta</span> <span class='ocrx_word' id='word_1_123' title='bbox 787 1154 919 1192; x_wconf 78' lang='lat' dir='ltr'>forsan</span> <span class='ocrx_word' id='word_1_124' title='bbox 953 1154 1049 1192; x_wconf 90' lang='lat' dir='ltr'>olim</span> <span class='ocrx_word' id='word_1_125' title='bbox 1081 1155 1428 1193; x_wconf 87' lang='lat' dir='ltr'>demonstrabunt.</span> 
     </span>
    </p>

    <p class='ocr_par' dir='ltr' id='par_1_3' title="bbox 96 1220 1621 1473">
     <span class='ocr_line' id='line_1_17' title="bbox 208 1220 1621 1273; baseline 0.001 -14"><span class='ocrx_word' id='word_1_126' title='bbox 208 1221 479 1273; x_wconf 63' lang='lat' dir='ltr'>Halodictyon</span> <span class='ocrx_word' id='word_1_127' title='bbox 514 1225 555 1259; x_wconf 84' lang='lat' dir='ltr'>et</span> <span class='ocrx_word' id='word_1_128' title='bbox 583 1220 810 1258; x_wconf 86' lang='lat' dir='ltr'>Hanoviam</span> <span class='ocrx_word' id='word_1_129' title='bbox 843 1235 964 1258; x_wconf 87' lang='lat' dir='ltr'>uuum</span> <span class='ocrx_word' id='word_1_130' title='bbox 996 1221 1186 1272; x_wconf 86' lang='lat' dir='ltr'>idemque</span> <span class='ocrx_word' id='word_1_131' title='bbox 1218 1234 1344 1273; x_wconf 75' lang='lat' dir='ltr'>genus</span> <span class='ocrx_word' id='word_1_132' title='bbox 1375 1221 1621 1260; x_wconf 81' lang='lat' dir='ltr'>constituere</span> 
     </span>
     <span class='ocr_line' id='line_1_18' title="bbox 96 1287 1621 1340; baseline 0.001 -15"><span class='ocrx_word' id='word_1_133' title='bbox 96 1287 181 1326; x_wconf 91' lang='lat' dir='ltr'>fere</span> <span class='ocrx_word' id='word_1_134' title='bbox 211 1292 362 1326; x_wconf 83' lang='lat' dir='ltr'>certum</span> <span class='ocrx_word' id='word_1_135' title='bbox 397 1292 514 1340; x_wconf 84' lang='lat' dir='ltr'>puto;</span> <span class='ocrx_word' id='word_1_136' title='bbox 549 1288 654 1338; x_wconf 81' lang='lat' dir='ltr'>quod</span> <span class='ocrx_word' id='word_1_137' title='bbox 681 1288 765 1336; x_wconf 84' lang='lat' dir='ltr'>jam</span> <span class='ocrx_word' id='word_1_138' title='bbox 791 1300 953 1339; x_wconf 87' lang='lat' dir='ltr'>quoque</span> <span class='ocrx_word' id='word_1_139' title='bbox 970 1289 1157 1327; x_wconf 82' lang='lat' dir='ltr'>assumsit</span> <span class='ocrx_word' id='word_1_140' title='bbox 1173 1288 1483 1340; x_wconf 71' lang='lat' dir='ltr'>Hal-vey(Phyc.</span> <span class='ocrx_word' id='word_1_141' title='bbox 1501 1293 1621 1327; x_wconf 76' lang='lat' dir='ltr'>austr.</span> 
     </span>
     <span class='ocr_line' id='line_1_19' title="bbox 97 1354 1620 1407; baseline 0.001 -14"><span class='ocrx_word' id='word_1_142' title='bbox 97 1357 169 1393; x_wconf 68' lang='lat' dir='ltr'>tab.</span> <span class='ocrx_word' id='word_1_143' title='bbox 200 1354 329 1405; x_wconf 77' lang='lat' dir='ltr'>XCI).</span> <span class='ocrx_word' id='word_1_144' title='bbox 390 1355 582 1407; x_wconf 78' lang='lat' dir='ltr'>Separat-a</span> <span class='ocrx_word' id='word_1_145' title='bbox 615 1355 821 1406; x_wconf 83' lang='lat' dir='ltr'>proposui,</span> <span class='ocrx_word' id='word_1_146' title='bbox 854 1368 974 1405; x_wconf 80' lang='lat' dir='ltr'>quum</span> <span class='ocrx_word' id='word_1_147' title='bbox 1007 1355 1158 1394; x_wconf 83' lang='lat' dir='ltr'>fructus</span> <span class='ocrx_word' id='word_1_148' title='bbox 1190 1355 1229 1394; x_wconf 87' lang='lat' dir='ltr'>in</span> <span class='ocrx_word' id='word_1_149' title='bbox 1261 1355 1503 1407; x_wconf 66' lang='lat' dir='ltr'>Halydictyo</span> <span class='ocrx_word' id='word_1_150' title='bbox 1520 1369 1620 1395; x_wconf 89' lang='lat' dir='ltr'>non—</span> 
     </span>
     <span class='ocr_line' id='line_1_20' title="bbox 96 1421 972 1473; baseline 0.001 -13"><span class='ocrx_word' id='word_1_151' title='bbox 96 1422 204 1469; x_wconf 89' lang='lat' dir='ltr'>dum,</span> <span class='ocrx_word' id='word_1_152' title='bbox 236 1426 428 1473; x_wconf 84' lang='lat' dir='ltr'>quantum</span> <span class='ocrx_word' id='word_1_153' title='bbox 460 1421 558 1468; x_wconf 77' lang='lat' dir='ltr'>scio,</span> <span class='ocrx_word' id='word_1_154' title='bbox 591 1422 666 1459; x_wconf 77' lang='lat' dir='ltr'>rite</span> <span class='ocrx_word' id='word_1_155' title='bbox 697 1422 849 1473; x_wconf 77' lang='lat' dir='ltr'>cogniti</span> <span class='ocrx_word' id='word_1_156' title='bbox 881 1422 972 1461; x_wconf 84' lang='lat' dir='ltr'>sint.</span> 
     </span>
    </p>
   </div>
   <div class='ocr_carea' id='block_1_3' title="bbox 96 1545 1618 1933">
    <p class='ocr_par' dir='ltr' id='par_1_4' title="bbox 96 1545 1618 1933">
     <span class='ocr_line' id='line_1_21' title="bbox 96 1545 1618 1594; baseline 0.001 -9"><span class='ocrx_word' id='word_1_157' title='bbox 96 1547 131 1585; x_wconf 89' lang='lat'>1.</span> <span class='ocrx_word' id='word_1_158' title='bbox 164 1546 211 1584; x_wconf 92' lang='grc' dir='ltr'>Η.</span> <span class='ocrx_word' id='word_1_159' title='bbox 248 1558 427 1584; x_wconf 69' lang='lat' dir='ltr'>uossusrA</span> <span class='ocrx_word' id='word_1_160' title='bbox 458 1546 597 1594; x_wconf 70' lang='grc' dir='ltr'><em>(Ηανϊ.</em></span> <span class='ocrx_word' id='word_1_161' title='bbox 628 1546 732 1583; x_wconf 69' lang='lat' dir='ltr'>Mur.</span> <span class='ocrx_word' id='word_1_162' title='bbox 763 1547 850 1583; x_wconf 70' lang='lat' dir='ltr'>Bot.</span> <span class='ocrx_word' id='word_1_163' title='bbox 882 1547 928 1594; x_wconf 56' lang='lat' dir='ltr'>(gf</span> <span class='ocrx_word' id='word_1_164' title='bbox 962 1546 1071 1584; x_wconf 54' lang='lat' dir='ltr'>ll&#39;est.</span> <span class='ocrx_word' id='word_1_165' title='bbox 1102 1545 1236 1583; x_wconf 72' lang='lat' dir='ltr'>Anslr.</span> <span class='ocrx_word' id='word_1_166' title='bbox 1267 1558 1328 1584; x_wconf 70' lang='lat'>9250</span> <span class='ocrx_word' id='word_1_167' title='bbox 1357 1545 1455 1589; x_wconf 84' lang='lat'>273)</span> <span class='ocrx_word' id='word_1_168' title='bbox 1475 1546 1618 1586; x_wconf 82' lang='lat' dir='ltr'>fronde</span> 
     </span>
     <span class='ocr_line' id='line_1_22' title="bbox 208 1612 1616 1665; baseline 0 -14"><span class='ocrx_word' id='word_1_169' title='bbox 208 1626 438 1665; x_wconf 81' lang='lat' dir='ltr'>compressa</span> <span class='ocrx_word' id='word_1_170' title='bbox 472 1647 477 1651; x_wconf 89' lang='lat'>.</span> <span class='ocrx_word' id='word_1_171' title='bbox 511 1642 519 1651; x_wconf 92' lang='lat'>.</span> <span class='ocrx_word' id='word_1_172' title='bbox 552 1642 560 1651; x_wconf 88' lang='lat'>.</span> <span class='ocrx_word' id='word_1_173' title='bbox 595 1612 672 1650; x_wconf 76' lang='lat' dir='ltr'>filis</span> <span class='ocrx_word' id='word_1_174' title='bbox 704 1612 788 1650; x_wconf 84' lang='lat' dir='ltr'>fere</span> <span class='ocrx_word' id='word_1_175' title='bbox 821 1613 1008 1651; x_wconf 86' lang='lat' dir='ltr'>omnibus</span> <span class='ocrx_word' id='word_1_176' title='bbox 1040 1613 1078 1651; x_wconf 89' lang='lat' dir='ltr'>in</span> <span class='ocrx_word' id='word_1_177' title='bbox 1113 1613 1326 1651; x_wconf 89' lang='lat' dir='ltr'>reticulum</span> <span class='ocrx_word' id='word_1_178' title='bbox 1360 1613 1492 1651; x_wconf 83' lang='lat' dir='ltr'>laxius</span> <span class='ocrx_word' id='word_1_179' title='bbox 1523 1626 1616 1652; x_wconf 88' lang='lat' dir='ltr'>ana-</span> 
     </span>
     <span class='ocr_line' id='line_1_23' title="bbox 205 1679 1616 1732; baseline -0.001 -13"><span class='ocrx_word' id='word_1_180' title='bbox 205 1680 534 1726; x_wconf 72' lang='lat' dir='ltr'>stomosantibus,</span> <span class='ocrx_word' id='word_1_181' title='bbox 565 1679 831 1732; x_wconf 83' lang='lat' dir='ltr'>periphericis</span> <span class='ocrx_word' id='word_1_182' title='bbox 864 1680 1002 1719; x_wconf 82' lang='lat' dir='ltr'>liberis</span> <span class='ocrx_word' id='word_1_183' title='bbox 1043 1680 1290 1719; x_wconf 80' lang='lat' dir='ltr'>abbreviatis</span> <span class='ocrx_word' id='word_1_184' title='bbox 1321 1679 1616 1732; x_wconf 86' lang='lat' dir='ltr'>simpliciuscu-</span> 
     </span>
     <span class='ocr_line' id='line_1_24' title="bbox 206 1746 1615 1799; baseline -0.001 -13"><span class='ocrx_word' id='word_1_185' title='bbox 206 1748 267 1794; x_wconf 74' lang='lat' dir='ltr'>lis,</span> <span class='ocrx_word' id='word_1_186' title='bbox 299 1747 480 1786; x_wconf 86' lang='lat' dir='ltr'>articulis</span> <span class='ocrx_word' id='word_1_187' title='bbox 510 1746 668 1785; x_wconf 84' lang='lat' dir='ltr'>reticuli</span> <span class='ocrx_word' id='word_1_188' title='bbox 703 1746 954 1798; x_wconf 86' lang='lat' dir='ltr'>ellipsoideis</span> <span class='ocrx_word' id='word_1_189' title='bbox 999 1746 1196 1787; x_wconf 86' lang='lat' dir='ltr'>diametro</span> <span class='ocrx_word' id='word_1_190' title='bbox 1244 1746 1441 1799; x_wconf 31' lang='lat' dir='ltr'>2ss3-p10</span> <span class='ocrx_word' id='word_1_191' title='bbox 1486 1747 1615 1799; x_wconf 79' lang='lat' dir='ltr'>longi-</span> 
     </span>
     <span class='ocr_line' id='line_1_25' title="bbox 204 1814 1616 1865; baseline -0.001 -12"><span class='ocrx_word' id='word_1_192' title='bbox 204 1815 354 1861; x_wconf 85' lang='lat' dir='ltr'>oribus,</span> <span class='ocrx_word' id='word_1_193' title='bbox 386 1814 585 1853; x_wconf 83' lang='lat' dir='ltr'>stichidiis</span> <span class='ocrx_word' id='word_1_194' title='bbox 616 1814 665 1852; x_wconf 85' lang='lat' dir='ltr'>ad</span> <span class='ocrx_word' id='word_1_195' title='bbox 697 1814 886 1865; x_wconf 80' lang='lat' dir='ltr'>genicula</span> <span class='ocrx_word' id='word_1_196' title='bbox 917 1818 1120 1853; x_wconf 87' lang='lat' dir='ltr'>contracta</span> <span class='ocrx_word' id='word_1_197' title='bbox 1152 1814 1264 1852; x_wconf 35' lang='lat'>2-„3</span> <span class='ocrx_word' id='word_1_198' title='bbox 1284 1814 1616 1853; x_wconf 83' lang='lat' dir='ltr'>subverticillatis</span> 
     </span>
     <span class='ocr_line' id='line_1_26' title="bbox 204 1881 742 1933; baseline -0.004 -12"><span class='ocrx_word' id='word_1_199' title='bbox 204 1882 509 1933; x_wconf 83' lang='lat' dir='ltr'>divergentibus</span> <span class='ocrx_word' id='word_1_200' title='bbox 541 1881 742 1932; x_wconf 78' lang='lat' dir='ltr'>oblongis.</span> 
     </span>
    </p>
   </div>
   <div class='ocr_carea' id='block_1_4' title="bbox 186 1969 1612 2013">
    <p class='ocr_par' dir='ltr' id='par_1_5' title="bbox 186 1969 1612 2013">
     <span class='ocr_line' id='line_1_27' title="bbox 186 1969 1612 2013; baseline -0.004 -7"><span class='ocrx_word' id='word_1_201' title='bbox 186 1974 351 2006; x_wconf 82' lang='lat' dir='ltr'>Hanovia</span> <span class='ocrx_word' id='word_1_202' title='bbox 380 1972 535 2005; x_wconf 80' lang='lat' dir='ltr'>robusta</span> <span class='ocrx_word' id='word_1_203' title='bbox 560 1970 678 2004; x_wconf 64' lang='lat' dir='ltr'>Har-c.</span> <span class='ocrx_word' id='word_1_204' title='bbox 706 1970 728 2004; x_wconf 76' lang='lat' dir='ltr'>l.</span> <span class='ocrx_word' id='word_1_205' title='bbox 754 1980 782 2004; x_wconf 80' lang='lat' dir='ltr'>c.</span> <span class='ocrx_word' id='word_1_206' title='bbox 807 1970 846 2004; x_wconf 73' lang='lat' dir='ltr'>in</span> <span class='ocrx_word' id='word_1_207' title='bbox 875 1969 1006 2003; x_wconf 72' lang='lat' dir='ltr'>Trans.</span> <span class='ocrx_word' id='word_1_208' title='bbox 1035 1969 1140 2003; x_wconf 74' lang='lat' dir='ltr'>Irzsh</span> <span class='ocrx_word' id='word_1_209' title='bbox 1165 1969 1281 2003; x_wconf 66' lang='lat' dir='ltr'>Aeaci.</span> <span class='ocrx_word' id='word_1_210' title='bbox 1315 1969 1389 2003; x_wconf 79' lang='lat' dir='ltr'>Vol.</span> <span class='ocrx_word' id='word_1_211' title='bbox 1418 1969 1553 2005; x_wconf 88' lang='lat' dir='ltr'><strong><em>XXII.</em></strong></span> <span class='ocrx_word' id='word_1_212' title='bbox 1573 1980 1612 2013; x_wconf 76' lang='lat' dir='ltr'>p.</span> 
     </span>
    </p>
   </div>
   <div class='ocr_carea' id='block_1_5' title="bbox 94 2031 1502 2129">
    <p class='ocr_par' dir='ltr' id='par_1_6' title="bbox 94 2031 1502 2129">
     <span class='ocr_line' id='line_1_28' title="bbox 173 2032 179 2053; baseline 0 0"><span class='ocrx_word' id='word_1_213' title='bbox 173 2032 179 2053; x_wconf 72' lang='grc' dir='ltr'><strong>ι</strong></span> 
     </span>
     <span class='ocr_line' id='line_1_29' title="bbox 94 2031 1502 2129; baseline -0.002 -8"><span class='ocrx_word' id='word_1_214' title='bbox 94 2031 436 2129; x_wconf 33' lang='lat' dir='ltr'>558&#39;Halodictyou</span> <span class='ocrx_word' id='word_1_215' title='bbox 464 2087 661 2119; x_wconf 79' lang='lat' dir='ltr'>robustum</span> <span class='ocrx_word' id='word_1_216' title='bbox 688 2085 806 2119; x_wconf 75' lang='lat' dir='ltr'>Harv.</span> <span class='ocrx_word' id='word_1_217' title='bbox 833 2083 946 2127; x_wconf 75' lang='lat' dir='ltr'>Phyc.</span> <span class='ocrx_word' id='word_1_218' title='bbox 973 2088 1094 2119; x_wconf 74' lang='lat' dir='ltr'>austr.</span> <span class='ocrx_word' id='word_1_219' title='bbox 1122 2084 1193 2119; x_wconf 75' lang='lat' dir='ltr'>tab.</span> <span class='ocrx_word' id='word_1_220' title='bbox 1221 2084 1427 2119; x_wconf 87' lang='lat' dir='ltr'><strong><em>XXXVII</em></strong></span> <span class='ocrx_word' id='word_1_221' title='bbox 1447 2084 1502 2118; x_wconf 89' lang='lat' dir='ltr'>B!</span> 
     </span>
    </p>
   </div>
   <div class='ocr_carea' id='block_1_6' title="bbox 93 2144 1612 2335">
    <p class='ocr_par' dir='ltr' id='par_1_7' title="bbox 93 2144 1612 2335">
     <span class='ocr_line' id='line_1_30' title="bbox 189 2144 943 2188; baseline -0.004 -8"><span class='ocrx_word' id='word_1_222' title='bbox 189 2149 333 2180; x_wconf 82' lang='lat' dir='ltr'>Exsicc.</span> <span class='ocrx_word' id='word_1_223' title='bbox 358 2144 478 2178; x_wconf 72' lang='lat' dir='ltr'>How-v.</span> <span class='ocrx_word' id='word_1_224' title='bbox 506 2144 638 2178; x_wconf 72' lang='lat' dir='ltr'>Austr.</span> <span class='ocrx_word' id='word_1_225' title='bbox 667 2144 748 2188; x_wconf 70' lang='lat' dir='ltr'>Aly.</span> <span class='ocrx_word' id='word_1_226' title='bbox 773 2153 832 2177; x_wconf 68' lang='lat' dir='ltr'>wo</span> <span class='ocrx_word' id='word_1_227' title='bbox 859 2144 943 2177; x_wconf 83' lang='lat'>117!</span> 
     </span>
     <span class='ocr_line' id='line_1_31' title="bbox 202 2214 1612 2257; baseline -0.003 -1"><span class='ocrx_word' id='word_1_228' title='bbox 202 2218 305 2257; x_wconf 86' lang='lat' dir='ltr'>Hab.</span> <span class='ocrx_word' id='word_1_229' title='bbox 351 2217 400 2255; x_wconf 86' lang='lat' dir='ltr'>ad</span> <span class='ocrx_word' id='word_1_230' title='bbox 449 2229 538 2255; x_wconf 83' lang='lat' dir='ltr'>oras</span> <span class='ocrx_word' id='word_1_231' title='bbox 582 2214 1015 2255; x_wconf 81' lang='lat' dir='ltr'>austro-occidentales</span> <span class='ocrx_word' id='word_1_232' title='bbox 1060 2215 1188 2254; x_wconf 84' lang='lat' dir='ltr'>Novae</span> <span class='ocrx_word' id='word_1_233' title='bbox 1232 2214 1462 2254; x_wconf 80' lang='lat' dir='ltr'>Hollandiae</span> <span class='ocrx_word' id='word_1_234' title='bbox 1493 2218 1534 2252; x_wconf 85' lang='lat' dir='ltr'>ut</span> <span class='ocrx_word' id='word_1_235' title='bbox 1563 2214 1612 2253; x_wconf 87' lang='lat' dir='ltr'>ad</span> 
     </span>
     <span class='ocr_line' id='line_1_32' title="bbox 93 2283 595 2335; baseline -0.006 -12"><span class='ocrx_word' id='word_1_236' title='bbox 93 2284 328 2323; x_wconf 88' lang='lat' dir='ltr'>Fremantle</span> <span class='ocrx_word' id='word_1_237' title='bbox 360 2283 595 2335; x_wconf 70' lang='lat' dir='ltr'>(Harveyl).</span> 
     </span>
    </p>
   </div>
   <div class='ocr_carea' id='block_1_7' title="bbox 93 2358 1611 2461">
    <p class='ocr_par' dir='ltr' id='par_1_8' title="bbox 93 2358 1611 2461">
     <span class='ocr_line' id='line_1_33' title="bbox 186 2358 1611 2406; baseline -0.004 -10"><span class='ocrx_word' id='word_1_238' title='bbox 186 2365 451 2406; x_wconf 78' lang='lat' dir='ltr'>Fragmentum</span> <span class='ocrx_word' id='word_1_239' title='bbox 492 2364 635 2394; x_wconf 81' lang='lat' dir='ltr'>tantum</span> <span class='ocrx_word' id='word_1_240' title='bbox 674 2360 747 2392; x_wconf 78' lang='lat' dir='ltr'>vidi</span> <span class='ocrx_word' id='word_1_241' title='bbox 789 2359 920 2399; x_wconf 65' lang='lat' dir='ltr'>planta*</span> <span class='ocrx_word' id='word_1_242' title='bbox 961 2361 1085 2402; x_wconf 79' lang='lat' dir='ltr'>paucis</span> <span class='ocrx_word' id='word_1_243' title='bbox 1131 2359 1396 2403; x_wconf 81' lang='lat' dir='ltr'>speciminibus</span> <span class='ocrx_word' id='word_1_244' title='bbox 1435 2358 1611 2392; x_wconf 68' lang='lat' dir='ltr'>collectae.</span> 
     </span>
     <span class='ocr_line' id='line_1_34' title="bbox 93 2416 1609 2461; baseline -0.004 -7"><span class='ocrx_word' id='word_1_245' title='bbox 93 2422 149 2455; x_wconf 81' lang='lat' dir='ltr'>Ad</span> <span class='ocrx_word' id='word_1_246' title='bbox 190 2422 234 2454; x_wconf 91' lang='lat' dir='ltr'>H.</span> <span class='ocrx_word' id='word_1_247' title='bbox 261 2420 545 2454; x_wconf 79' lang='lat' dir='ltr'>arachnoideam</span> <span class='ocrx_word' id='word_1_248' title='bbox 572 2429 649 2451; x_wconf 81' lang='lat' dir='ltr'>sese</span> <span class='ocrx_word' id='word_1_249' title='bbox 680 2417 814 2450; x_wconf 76' lang='lat' dir='ltr'>habere</span> <span class='ocrx_word' id='word_1_250' title='bbox 848 2417 994 2450; x_wconf 81' lang='lat' dir='ltr'>videtur</span> <span class='ocrx_word' id='word_1_251' title='bbox 1020 2418 1141 2461; x_wconf 85' lang='lat' dir='ltr'>quoad</span> <span class='ocrx_word' id='word_1_252' title='bbox 1169 2418 1325 2450; x_wconf 87' lang='lat' dir='ltr'>formam</span> <span class='ocrx_word' id='word_1_253' title='bbox 1365 2416 1609 2450; x_wconf 78' lang='lat' dir='ltr'>articulorum</span> 
     </span>
    </p>
   </div>
   <div class='ocr_carea' id='block_1_8' title="bbox 93 2475 1609 2582">
    <p class='ocr_par' dir='ltr' id='par_1_9' title="bbox 93 2475 1609 2582">
     <span class='ocr_line' id='line_1_35' title="bbox 93 2475 1106 2514; baseline -0.005 -1"><span class='ocrx_word' id='word_1_254' title='bbox 93 2484 135 2513; x_wconf 82' lang='lat' dir='ltr'>ut</span> <span class='ocrx_word' id='word_1_255' title='bbox 163 2479 368 2514; x_wconf 75' lang='lat' dir='ltr'>Griffithsia</span> <span class='ocrx_word' id='word_1_256' title='bbox 394 2478 623 2511; x_wconf 71' lang='lat' dir='ltr'>Schousboei</span> <span class='ocrx_word' id='word_1_257' title='bbox 652 2476 697 2509; x_wconf 81' lang='lat' dir='ltr'>ad</span> <span class='ocrx_word' id='word_1_258' title='bbox 724 2475 885 2509; x_wconf 80' lang='lat' dir='ltr'>Griffith.</span> <span class='ocrx_word' id='word_1_259' title='bbox 913 2480 1106 2508; x_wconf 78' lang='lat' dir='ltr'>setaceam.</span> 
     </span>
     <span class='ocr_line' id='line_1_36' title="bbox 185 2533 1609 2582; baseline -0.004 -10"><span class='ocrx_word' id='word_1_260' title='bbox 185 2539 396 2582; x_wconf 61' lang='lat' dir='ltr'>specimina</span> <span class='ocrx_word' id='word_1_261' title='bbox 421 2536 578 2569; x_wconf 83' lang='lat' dir='ltr'>collecta</span> <span class='ocrx_word' id='word_1_262' title='bbox 599 2534 781 2577; x_wconf 83' lang='lat' dir='ltr'>juvenilia</span> <span class='ocrx_word' id='word_1_263' title='bbox 806 2536 912 2577; x_wconf 83' lang='lat' dir='ltr'>putat</span> <span class='ocrx_word' id='word_1_264' title='bbox 938 2534 1094 2576; x_wconf 72' lang='lat' dir='ltr'>Harvey,</span> <span class='ocrx_word' id='word_1_265' title='bbox 1132 2533 1302 2567; x_wconf 81' lang='lat' dir='ltr'>frondem</span> <span class='ocrx_word' id='word_1_266' title='bbox 1339 2533 1504 2566; x_wconf 86' lang='lat' dir='ltr'>adultam</span> <span class='ocrx_word' id='word_1_267' title='bbox 1532 2544 1609 2567; x_wconf 84' lang='lat' dir='ltr'>esse</span> 
     </span>
    </p>
   </div>
   <div class='ocr_carea' id='block_1_9' title="bbox 94 2591 1127 2639">
    <p class='ocr_par' dir='ltr' id='par_1_10' title="bbox 94 2591 1127 2639">
     <span class='ocr_line' id='line_1_37' title="bbox 94 2591 1127 2639; baseline -0.005 -10"><span class='ocrx_word' id='word_1_268' title='bbox 94 2597 376 2630; x_wconf 83' lang='lat' dir='ltr'>erectiusculam</span> <span class='ocrx_word' id='word_1_269' title='bbox 403 2599 514 2639; x_wconf 81' lang='lat' dir='ltr'>atquc</span> <span class='ocrx_word' id='word_1_270' title='bbox 540 2594 681 2637; x_wconf 84' lang='lat' dir='ltr'>pluries</span> <span class='ocrx_word' id='word_1_271' title='bbox 709 2594 889 2626; x_wconf 82' lang='lat' dir='ltr'>furcatam</span> <span class='ocrx_word' id='word_1_272' title='bbox 916 2591 1127 2633; x_wconf 79' lang='lat' dir='ltr'>conjiciens.</span> 
     </span>
    </p>
   </div>
   <div class='ocr_carea' id='block_1_10' title="bbox 92 2704 1608 2892">
    <p class='ocr_par' dir='ltr' id='par_1_11' title="bbox 92 2704 1608 2892">
     <span class='ocr_line' id='line_1_38' title="bbox 92 2704 1608 2758; baseline -0.005 -7"><span class='ocrx_word' id='word_1_273' title='bbox 92 2712 130 2751; x_wconf 86' lang='lat'>2.</span> <span class='ocrx_word' id='word_1_274' title='bbox 161 2712 210 2750; x_wconf 91' lang='lat' dir='ltr'>H.</span> <span class='ocrx_word' id='word_1_275' title='bbox 242 2721 527 2749; x_wconf 73' lang='lat' dir='ltr'>ARACHNOEDEA</span> <span class='ocrx_word' id='word_1_276' title='bbox 572 2708 712 2758; x_wconf 77' lang='lat' dir='ltr'>(Harv.</span> <span class='ocrx_word' id='word_1_277' title='bbox 756 2707 860 2745; x_wconf 81' lang='lat' dir='ltr'>Mar.</span> <span class='ocrx_word' id='word_1_278' title='bbox 904 2707 989 2745; x_wconf 77' lang='lat' dir='ltr'>Bot.</span> <span class='ocrx_word' id='word_1_279' title='bbox 1019 2708 1064 2754; x_wconf 79' lang='lat' dir='ltr'>Qf</span> <span class='ocrx_word' id='word_1_280' title='bbox 1103 2706 1214 2744; x_wconf 74' lang='lat' dir='ltr'>West.</span> <span class='ocrx_word' id='word_1_281' title='bbox 1258 2704 1391 2744; x_wconf 78' lang='lat' dir='ltr'>Austr.</span> <span class='ocrx_word' id='word_1_282' title='bbox 1422 2717 1482 2744; x_wconf 73' lang='lat' dir='ltr'>mo</span> <span class='ocrx_word' id='word_1_283' title='bbox 1512 2705 1608 2754; x_wconf 82' lang='lat'><strong>274)</strong></span> 
     </span>
     <span class='ocr_line' id='line_1_39' title="bbox 203 2771 1606 2828; baseline -0.004 -12"><span class='ocrx_word' id='word_1_284' title='bbox 203 2778 346 2818; x_wconf 85' lang='lat' dir='ltr'>fronde</span> <span class='ocrx_word' id='word_1_285' title='bbox 377 2787 608 2828; x_wconf 87' lang='lat' dir='ltr'>compressa</span> <span class='ocrx_word' id='word_1_286' title='bbox 640 2774 794 2813; x_wconf 84' lang='lat' dir='ltr'>furcata</span> <span class='ocrx_word' id='word_1_287' title='bbox 823 2774 889 2812; x_wconf 86' lang='lat' dir='ltr'>vel</span> <span class='ocrx_word' id='word_1_288' title='bbox 918 2772 1164 2820; x_wconf 87' lang='lat' dir='ltr'>dichotoma,</span> <span class='ocrx_word' id='word_1_289' title='bbox 1195 2771 1274 2810; x_wconf 86' lang='lat' dir='ltr'>filis</span> <span class='ocrx_word' id='word_1_290' title='bbox 1305 2771 1390 2810; x_wconf 88' lang='lat' dir='ltr'>fere</span> <span class='ocrx_word' id='word_1_291' title='bbox 1421 2772 1606 2811; x_wconf 90' lang='lat' dir='ltr'>omnibus</span> 
     </span>
     <span class='ocr_line' id='line_1_40' title="bbox 201 2838 1604 2892; baseline -0.004 -9"><span class='ocrx_word' id='word_1_292' title='bbox 201 2845 243 2883; x_wconf 90' lang='lat' dir='ltr'>in</span> <span class='ocrx_word' id='word_1_293' title='bbox 274 2843 488 2883; x_wconf 86' lang='lat' dir='ltr'>reticulum</span> <span class='ocrx_word' id='word_1_294' title='bbox 534 2841 666 2881; x_wconf 83' lang='lat' dir='ltr'>laxius</span> <span class='ocrx_word' id='word_1_295' title='bbox 709 2840 1114 2887; x_wconf 82' lang='lat' dir='ltr'>anastomosantibus‚</span> <span class='ocrx_word' id='word_1_296' title='bbox 1155 2838 1420 2892; x_wconf 88' lang='lat' dir='ltr'>periphericis</span> <span class='ocrx_word' id='word_1_297' title='bbox 1465 2839 1604 2878; x_wconf 85' lang='lat' dir='ltr'>liberis</span> 
     </span>
    </p>
   </div>
  </div>
 </body>
</html>
