1728 3110
82 137 393 191 Polysvphomn.
695 130 977 174 RHODOMELEAE.
1503 131 1527 172 9
1536 130 1558 171 2
1569 132 1591 173 5

193 262 494 308 obtushrsculis,
526 260 705 300 articulis
736 260 937 312 primariis
972 262 1251 316 12-siphoneis
1282 264 1479 303 diametro
1504 263 1595 301 sub-

191 330 427 380 aequalibus,
467 329 713 368 ramulorum
753 328 875 379 duplo
916 329 1183 378 brevioribus,
1223 330 1513 384 sphaerosporis
1555 329 1594 367 in

191 397 357 435 ramulis
394 397 464 435 vix
503 396 663 434 mutatis
702 395 873 440 seriatis,
904 396 1139 436 kei-amidiis
1170 398 1219 437 ad
1252 399 1389 437 basem
1420 397 1595 436 ramulo-

189 478 275 502 rum
307 463 500 502 interiore
530 463 656 501 latere
688 461 897 500 sessilibus
928 463 1070 502 ovatis.

173 553 437 597 Polysiphmiia
476 553 709 586 eei-atoclada
745 551 864 585 Mont.
899 551 921 584 l.
952 561 980 585 e.
1025 550 1110 595 Voy.
1145 552 1224 586 Pol.
1251 552 1341 587 Sucl.
1363 563 1404 596 p.
1432 554 1497 587 131
1525 552 1597 587 tab.

88 611 124 644 V.
148 610 214 655 fig).
241 613 260 644 2
288 615 380 655 (non
416 613 572 654 bona!)*?
608 609 724 644 Hoolc.
759 613 791 643 et
822 609 942 643 Hau-v.
977 608 1103 652 Crypt.
1137 613 1213 643 (mit.
1235 620 1276 653 p.
1303 612 1346 644 71
1374 611 1445 645 tab.
1473 613 1514 646 75
1531 611 1597 656 fiq.

82 671 133 703 2!!
162 669 280 703 Harv.
307 669 396 703 Ner.
423 672 543 703 (meir.
564 678 605 712 p.
632 669 687 703 48.
714 667 825 702 Kz't'tz.
852 667 978 710 5121).
1005 669 1084 701 832.

190 752 292 790 Hab.
322 752 363 789 iu
403 763 556 789 oceano
588 750 752 789 australi
784 751 833 789 ad
866 751 1018 789 insulas
1049 751 1261 789 Auckland
1294 756 1334 790 et
1363 752 1490 792 Novae
1522 753 1597 790 Ze-

80 818 230 857 landiae
262 818 406 866 (Herb.
438 817 667 868 Hooke1·!);
699 818 749 857 ad
779 817 1021 870 Valparaiso
1053 817 1147 865 (Hb.
1181 818 1371 863 Bindern

169 911 202 944 A
237 910 299 943 filo
333 911 520 954 primario,
553 909 644 942 alias
676 909 778 951 algas
804 909 1016 951 adrepente,
1042 909 1145 942 frons
1172 920 1266 941 nunc
1293 910 1415 952 surgit
1441 911 1598 942 erectiu-

78 968 179 1002 scula
216 968 417 1012 pollicaris,
456 978 551 1000 nunc
590 977 707 1011 usque
741 966 981 1010 3-pollicaris,
1015 967 1150 1010 capillo
1183 968 1358 1007 crassior,
1392 968 1503 999 ramis
1541 978 1597 1000 ra-

78 1027 263 1071 mulisque
306 1027 545 1060 densioribus
583 1027 729 1058 vestita.
794 1026 900 1059 Rami
941 1026 1150 1059 conformes
1188 1029 1366 1069 patentes,
1406 1026 1508 1068 apice
1535 1027 1599 1058 vix

80 1087 278 1129 conspicue
314 1087 473 1118 recurvi.
535 1084 685 1118 Ramuli
718 1084 853 1116 lineam
888 1088 950 1117 aut
986 1085 1247 1128 sesquilineam
1281 1085 1394 1127 longi,
1427 1084 1497 1117 filis
1526 1086 1599 1127 pri-

82 1145 208 1176 mariis
235 1144 351 1188 duplo
378 1146 578 1184 tenuiores,
605 1144 649 1176 ad
677 1143 890 1186 geniculum
917 1143 1092 1187 quodque
1121 1144 1366 1187 egredientes,
1392 1154 1457 1187 per
1484 1144 1599 1176 lineas

77 1202 169 1235 duas
195 1203 377 1246 dispositi,
404 1204 455 1235 ita
480 1203 651 1235 bifariam
680 1202 921 1235 dextrorsum
949 1206 984 1234 et
1011 1204 1270 1236 sinistrorsum
1297 1203 1439 1235 alterne
1467 1202 1598 1236 directi

80 1261 355 1307 subsecundati,
392 1261 523 1294 leviter
562 1263 715 1301 incurvi,
754 1261 833 1293 basi
876 1272 972 1294 nunc
1006 1263 1110 1305 quasi
1146 1263 1345 1305 angustati,
1376 1264 1441 1294 aut
1468 1261 1598 1294 saltem

78 1330 143 1364 per
175 1320 389 1353 inferiorem
420 1323 563 1363 partem
598 1321 674 1352 fere
705 1331 807 1364 ¹mque
841 1321 966 1360 crassi,
1000 1322 1103 1364 apice
1135 1322 1317 1353 attenuati
1347 1324 1383 1353 at
1409 1320 1598 1354 obtusius-

76 1378 157 1419 culi,
190 1379 404 1412 terminales
436 1381 592 1412 incurvi.
647 1378 810 1412 Articuli
845 1379 1069 1423 ubicumque
1099 1380 1242 1421 breves,
1267 1382 1305 1413 in
1331 1380 1393 1413 filo
1419 1381 1598 1424 primario

81 1437 305 1470 diametrum
333 1437 607 1481 subaequzmtae,
632 1439 670 1470 in
696 1437 852 1470 ramulis
879 1438 994 1481 duplo
1021 1438 1230 1483 breviore83
1266 1449 1287 1471 a
1312 1439 1503 1483 superficie
1530 1438 1598 1470 visi

75 1497 250 1540 siphones
285 1496 374 1529 6—7
401 1498 437 1529 in
464 1497 536 1529 filis
562 1497 757 1539 primariis,
784 1497 908 1540 plures
936 1498 1049 1529 immo
1080 1498 1117 1529 in
1144 1497 1300 1530 ramulis
1326 1499 1597 1539 monstrantes,

77 1555 225 1588 articuli
264 1555 499 1588 ramulorum
531 1566 551 1587 a
590 1554 744 1598 siphone
783 1554 939 1587 centrali
977 1555 1229 1588 translucente
1265 1557 1419 1600 insuper
1456 1556 1598 1588 fasciati

75 1614 275 1657 adparent3
309 1616 473 1647 sectione
506 1613 745 1646 transversali
780 1613 830 1646 fili
863 1615 1031 1657 primarii
1068 1613 1243 1657 siphones
1279 1616 1426 1648 circiter
1456 1614 1498 1647 12
1531 1625 1598 1647 nu-

75 1674 234 1716 meravi3
268 1674 305 1705 in
337 1672 493 1705 ramulis
529 1671 830 1704 transversaliter
857 1673 965 1704 sectis
992 1672 1167 1715 siphones
1194 1683 1324 1706 revera
1350 1673 1392 1705 12
1419 1672 1507 1705 mihi
1534 1672 1597 1705 ad-

74 1734 288 1774 paruerunt‚
314 1735 351 1764 at
377 1730 630 1764 endochroma
656 1741 753 1763 nunc
781 1730 1010 1763 subdivisum
1033 1732 1193 1775 speciem
1216 1731 1415 1775 siphonum
1431 1732 1598 1776 plurium

74 1790 224 1833 praebet,
250 1792 301 1823 ita
327 1792 367 1823 ut
393 1789 596 1833 aliquando
623 1799 740 1833 usque
760 1789 803 1822 16
824 1791 1026 1822 numeravi.
1054 1790 1327 1834 Sphzerosporze
1343 1795 1398 1832 (at
1417 1802 1489 1824 non
1504 1791 1597 1823 bene

75 1849 109 1880 in
144 1849 283 1881 nostris
315 1847 494 1888 evolutae)
526 1849 563 1880 in
595 1847 750 1880 ramulis
783 1849 843 1880 vix
880 1850 1034 1881 mutatis
1066 1849 1289 1889 nidulantes‚
1315 1850 1476 1893 simplici
1504 1850 1597 1882 serie

74 1905 274 1950 dispositae.
331 1905 544 1938 Keramidia
576 1905 621 1938 ad
657 1906 822 1939 ramulos
853 1917 986 1950 parum
1019 1917 1132 1951 supra
1165 1908 1290 1941 basem
1324 1908 1475 1949 sessilia‚
1503 1910 1595 1948 (sec.

74 1965 241 2008 Harvey)
270 1968 378 1998 ovata
404 1968 468 1997 aut
495 1965 757 1998 suburceolata
784 1966 840 2007 (in
867 1967 1006 1999 nostris
1032 1976 1106 1999 non
1131 1970 1286 2008 matura,
1306 1968 1380 2000 sere
1404 1968 1596 2005 obovata).

166 2047 320 2089 Species,
352 2050 394 2079 ut
425 2058 446 2080 a
478 2058 535 2080 me
567 2047 772 2087 intellecta,
806 2047 852 2080 ad
884 2048 922 2080 P.
956 2048 1220 2081 versicolorem
1255 2052 1291 2081 et
1323 2050 1361 2082 P.
1395 2052 1594 2083 rostratam

76 2107 248 2150 proxime
281 2106 468 2145 accedens,
502 2105 669 2138 articulis
701 2106 936 2139 brevioribus
973 2110 1008 2138 et
1038 2107 1227 2139 fructuum
1256 2109 1440 2150 positione
1468 2108 1594 2150 praeci-

76 2176 147 2208 pue
172 2165 331 2197 diversa.
369 2164 516 2197 Ramuli
543 2167 582 2196 ut
608 2175 644 2196 m
672 2165 855 2206 proximis
882 2164 1087 2204 seeundati,
1112 2175 1152 2197 re
1178 2176 1265 2198 vera.
1280 2176 1343 2208 per
1371 2166 1460 2198 duas
1477 2166 1594 2197 lineas

74 2223 245 2256 bifariam
282 2223 463 2265 dispositi,
500 2226 537 2255 at
574 2222 680 2255 lineae
714 2223 830 2265 magis
866 2222 1114 2266 divergentes,
1149 2224 1248 2256 unde
1282 2223 1415 2256 ramuli
1441 2224 1516 2256 fere
1544 2223 1595 2255 al-

76 2283 172 2314 terni
205 2281 419 2325 adpareant.
473 2282 581 2314 Rami
616 2291 636 2314 a
669 2281 914 2324 dispositione
948 2281 1156 2314 alternante
1190 2282 1422 2315 ramulorum
1454 2283 1506 2314 ita
1537 2291 1593 2313 re-

76 2340 221 2380 cedunt,
247 2342 289 2372 ut
314 2340 412 2372 idem
439 2340 538 2372 latus
565 2350 648 2372 cum
676 2339 822 2372 ramulo
850 2341 1020 2382 proxime
1049 2340 1223 2373 inferiore
1251 2342 1444 2382 occupent.

166 2421 476 2455 Animadvertere
510 2420 627 2453 debeo
659 2420 949 2463 descriptionem
987 2422 1201 2463 Montagnei
1232 2421 1284 2453 ita
1313 2430 1333 2452 a
1360 2420 1497 2453 nostris
1523 2419 1592 2452 dif-

74 2479 179 2520 ferre,
207 2482 246 2512 ut
267 2480 312 2513 de
338 2479 532 2512 identitate
560 2479 730 2512 dubitare
756 2479 877 2512 liceat.
928 2480 1057 2523 Neque
1084 2478 1250 2511 ramulos
1277 2480 1503 2517 reem-vatos,
1529 2488 1592 2510 ne-

75 2548 146 2581 que
183 2537 359 2570 articulos
398 2547 588 2570 ramorum
625 2537 807 2571 diametro
846 2538 962 2581 duplo
1000 2537 1205 2579 longiores,
1242 2546 1362 2578 neque
1393 2535 1592 2568 bivenosos

74 2597 136 2627 aut
167 2595 397 2628 ramulorum
432 2595 640 2627 trivenosos
677 2595 766 2628 vidi.
821 2595 994 2637 Kiitzing,
1021 2595 1084 2638 qui
1112 2594 1296 2637 specimen
1323 2603 1343 2625 a
1367 2594 1591 2636 Moutagneo

75 2652 211 2693 habuit,
241 2652 419 2686 articulos
452 2651 540 2684 4-ss
567 2651 765 2696 siphoneos
799 2654 907 2686 dixit.
957 2654 1147 2696 specimen
1176 2653 1312 2686 nostrae
1339 2650 1474 2692 plantae
1499 2652 1591 2684 Har-

73 2721 166 2753 veyo
199 2711 325 2751 debeo,
364 2720 477 2754 quare
515 2710 559 2743 de
592 2711 788 2744 identitate
820 2722 893 2744 suae
925 2711 1059 2753 speciei
1095 2719 1169 2741 non
1203 2708 1357 2751 dubit03
1393 2710 1594 2752 specimina

73 2770 154 2811 alia,
179 2771 223 2803 ad
250 2771 469 2814 Valparaiso
503 2770 607 2811 lecta,
643 2782 664 2803 a
694 2772 822 2815 planta
858 2772 1075 2812 Harveyana
1108 2769 1343 2810 distinguere
1372 2778 1446 2801 non
1479 2769 1591 2802 valui.

75 2830 164 2863 Sunt
200 2832 238 2863 in
275 2830 331 2863 his
369 2830 584 2867 keramidia,
616 2831 667 2863 ita.
698 2835 738 2864 ut
771 2833 808 2864 in
842 2830 969 2873 Crypt.
1003 2831 1158 2861 antarct.
1192 2827 1354 2870 depicta,
1386 2827 1431 2860 ad
1464 2827 1589 2861 basem

74 2889 301 2923 ramulorum
329 2889 529 2932 disposita3
556 2889 723 2923 nondum
749 2900 837 2923 vero
863 2891 1019 2928 matura,
1045 2887 1155 2920 aliam
1181 2886 1349 2930 praebent
1375 2886 1543 2920 sormam.
