1728 3110
103 112 125 151 8
140 111 157 151 ‘l
171 113 193 151 8
727 108 757 148 R
765 120 1012 148 HoDOMELEAE.
1291 111 1631 163 Acanthophora.

190 244 312 276 Fucus
339 239 596 282 najadiformis
622 237 703 272 Del.
730 238 867 282 Egypt.
888 248 929 281 10.
956 239 1035 273 148.
1063 238 1135 273 tab.
1162 239 1218 273 56.
1234 237 1300 282 fiy.
1327 238 1366 272 1!

192 300 406 343 Cystoseira
431 298 713 343 acanthophora
739 297 842 332 Delle
870 297 998 341 Chjaz'e
1022 297 1146 342 Hydr.
1172 297 1292 341 Neap.
1321 297 1393 333 tab.
1423 295 1556 331 XCII!

212 369 317 409 Hab.
349 369 390 407 in
421 368 524 406 mari
556 368 856 408 mediterraneo
887 370 938 409 ad
970 381 1060 408 oras
1090 368 1241 407 Italiae!
1276 368 1422 420 Syriae!
1442 366 1628 419 AEgypti!

98 439 137 476 in
170 436 273 475 mari
304 436 446 475 rubro!

191 502 368 547 Ceespites
400 502 586 545 juveniles
625 504 671 536 iis
709 503 776 536 Ac.
811 503 1023 536 musooides
1053 502 1213 546 similes3
1240 502 1394 536 frondes
1420 503 1465 535 ab
1492 501 1550 535 his
1575 511 1632 535 as-

99 566 297 605 surgentes
338 573 436 595 nune
474 563 600 596 forsan
645 563 763 605 magis
806 561 1031 604 regulariter
1068 562 1251 605 pinnatim
1292 561 1557 604 decompositae
1596 563 1633 593 et

99 620 407 664 quandoquidem
435 620 567 653 saltem
595 620 848 663 robustiores3
882 630 1041 663 pennam
1069 620 1324 653 columbinam
1351 619 1535 653 diametro
1563 620 1632 652 im-

100 689 159 712 mo
186 682 377 722 aequantes
405 678 491 719 vidi,
517 681 693 711 ‹za-terum
720 678 872 714 similes,
899 679 1014 721 spinis
1041 688 1174 721 nempe
1201 680 1363 711 armatas
1378 680 1414 710 et
1427 687 1523 711 nova
1538 678 1632 710 serie

96 748 286 771 ramorum
313 738 451 770 iterum
483 737 615 770 codem
645 736 757 769 niodo
787 737 1083 778 compositorum
1111 737 1325 769 instructas.
1375 737 1483 769 Rami
1511 745 1632 768 ramu-

96 797 198 839 lique
236 806 325 828 vero
367 806 414 827 ex
452 796 532 838 ipsa
563 795 621 827 ala
649 795 841 837 spinarum
870 796 1111 837 assurgentes
1138 796 1223 835 (nee
1252 794 1564 837 supra-axillares
1590 796 1632 826 ut

95 855 133 886 in
159 853 204 886 A.
231 854 424 895 militari),
452 856 488 885 et
515 853 640 896 spinae,
667 863 826 896 quarum
855 853 889 884 in
919 852 1035 885 axilla
1060 852 1186 885 nullus
1214 852 1393 892 ramulus,
1407 852 1631 896 plerumque

95 922 279 954 gemmam
319 911 459 945 habent
496 911 703 947 axillarem.
738 912 774 943 in
815 911 1004 944 ramulum
1031 914 1097 944 aut
1126 910 1342 943 stichidium
1374 910 1632 944 evolvendam.

95 971 188 1004 Hinc
227 982 379 1015 quoque
418 972 457 1004 fit
496 974 536 1003 ut
574 970 748 1003 stiehidia
788 970 961 1003 axillaria
997 971 1220 1013 proveniant
1245 974 1281 1002 et
1306 971 1412 1014 quasi
1438 980 1458 1002 a
1484 969 1632 1002 ramulo

96 1030 301 1073 superioris
341 1030 483 1063 ordinis
522 1030 796 1069 transformata,
832 1029 1022 1062 ramulum
1051 1030 1308 1072 maximopere
1329 1028 1537 1070 juvenilem
1564 1038 1631 1061 nec

96 1089 291 1132 vulgarem
330 1089 495 1121 sterilem
537 1089 748 1129 referentia,
792 1089 950 1121 inermia
987 1090 1177 1129 (maxime
1212 1087 1421 1129 ‚juvenilia)
1458 1087 1632 1121 autmol-

96 1147 255 1180 lioribus
293 1146 453 1190 spinulis
492 1147 682 1186 instructa,
722 1147 803 1179 basi
846 1150 1036 1179 contracta
1075 1149 1110 1178 ot
1147 1147 1251 1188 apice
1288 1146 1518 1185 acuminata,
1554 1145 1632 1178 fere

96 1204 249 1236 omnino
290 1207 410 1236 ovata.
461 1204 581 1246 Spina·
621 1203 912 1247 si11gulae‚nunc
941 1204 1098 1246 geminae
1124 1203 1416 1247 adproximatae3
1444 1201 1631 1244 juveniles

95 1261 329 1294 ramulorum
357 1264 445 1294 sunt
473 1261 656 1294 subulatae
684 1264 720 1293 et
747 1261 832 1305 plus
860 1263 981 1294 minus
1008 1261 1207 1304 adpressae,
1235 1262 1373 1294 sensim
1400 1261 1630 1304 patentiores

96 1323 131 1352 et
157 1321 276 1364 magis
303 1322 450 1359 conica‘,
488 1320 625 1353 adultas
659 1331 850 1353 ramorum
880 1324 1001 1353 tamen
1031 1324 1167 1363 aeutae3
1189 1319 1377 1361 juveniles
1405 1319 1631 1352 diametrum

95 1380 241 1420 ramuli,
280 1391 355 1424 quo
382 1381 555 1419 insident,
582 1391 675 1424 saepe
703 1380 939 1423 longitudine
966 1382 1197 1423 superantes.
1248 1378 1492 1423 Cystooarpia
1519 1379 1631 1411 situm

95 1437 332 1482 aliquatenus
370 1438 484 1470 alium
523 1449 635 1482 quam
674 1440 710 1471 in
746 1440 812 1472 Ac.
840 1439 995 1471 militari
1024 1449 1207 1482 occupare
1235 1437 1326 1470 mihi
1353 1438 1630 1481 adparuerunt3

95 1499 181 1529 sunt
220 1497 400 1529 nimirum
440 1507 544 1529 secus
583 1508 705 1530 ramos
742 1499 902 1531 minores
930 1501 966 1530 at
993 1498 1189 1540 elongatos
1216 1498 1253 1530 in
1280 1507 1433 1541 quoqne
1459 1497 1569 1540 plura
1595 1500 1631 1529 et

95 1555 201 1598 quasi
240 1555 384 1595 seriata,
421 1555 566 1587 ramulo
604 1555 754 1588 axillari
795 1557 1063 1589 transformato
1102 1559 1185 1589 orta
1223 1558 1259 1588 et
1296 1556 1423 1600 itaque
1450 1556 1487 1588 in
1515 1554 1631 1588 axilla

95 1612 209 1655 spina²
237 1612 394 1644 sessilia.

186 1669 228 1702 Iu
265 1669 333 1703 hac
372 1671 494 1712 specie
533 1672 667 1714 saepius
702 1671 777 1703 vidi
805 1672 1034 1705 ramulorum
1063 1673 1186 1714 apices
1213 1672 1438 1705 incrassatos
1466 1672 1630 1716 siliquae-

94 1728 234 1760 formes
259 1727 335 1760 fere
362 1727 508 1760 ambitu
535 1727 712 1769 hastatos,
739 1730 920 1772 spinosos,
947 1730 1129 1773 quasdam
1156 1730 1278 1763 clavas
1305 1731 1520 1768 referentes,
1547 1731 1629 1773 qui-

93 1785 163 1817 bus
202 1788 361 1819 utuntur
393 1786 607 1829 aborigines
634 1788 847 1821 Insularum
882 1788 1094 1821 Australi-(r.
1142 1789 1209 1821 Hic
1235 1788 1438 1832 adparatus
1465 1788 1629 1832 quidam⁷

94 1843 376 1877 tuberculorum
405 1845 450 1878 ad
477 1847 606 1885 instar,
636 1847 1135 1890 propagationiinserviens,
1155 1847 1337 1890 suspicor.
1355 1844 1628 1879 —Ac.Delilei

93 1904 148 1934 est
186 1902 314 1944 planta
354 1904 472 1946 magis
512 1908 635 1937 erecta
669 1915 780 1948 quam
808 1904 874 1937 Ac.
901 1904 1054 1938 Thierii.
1106 1905 1316 1948 Specimina
1342 1903 1461 1937 habeo
1488 1914 1507 1936 e
1533 1904 1628 1936 mari

93 1959 220 2000 rubro,
259 1971 338 2003 quze
377 1963 428 1994 ita
466 1963 504 1995 F.
532 1962 870 2007 Acanthophoruni
899 1963 1059 1996 Turneri
1087 1963 1265 2003 referunt,
1291 1965 1332 1994 ut
1358 1962 1402 1994 de
1430 1962 1628 1995 identitate

93 2017 229 2061 plantae
270 2019 426 2062 depictae
466 2020 707 2053 Turneriana¹
746 2022 809 2053 vix
855 2021 1079 2054 dubitarem.
1148 2019 1462 2063 Acanthophoras
1500 2022 1627 2052 autem

93 2085 221 2108 omnes
248 2076 295 2109 ad
322 2087 433 2110 unam
462 2078 695 2123 eandemque
721 2080 881 2122 speeiem
909 2079 1098 2122 pertinere
1125 2078 1285 2111 credidit
1308 2079 1512 2119 Tumerus,
1526 2077 1626 2111 unde

92 2136 317 2178 synonymia
343 2136 490 2169 vitiosa.

91 2260 129 2298 3.
160 2261 234 2301 Ac.
279 2275 539 2302 DENDRomEs
587 2264 726 2312 (Harv.
771 2264 875 2303 Mar.
921 2265 1006 2302 Bot.
1052 2266 1097 2312 of
1146 2264 1256 2302 W‘esz‘.
1293 2263 1427 2302 Austr.
1459 2276 1519 2302 wo
1550 2263 1623 2311 68)

202 2328 441 2367 frutieulosa
478 2330 599 2367 ramis
631 2331 828 2380 eauleque
860 2331 1214 2370 subconformibus
1246 2330 1531 2382 pyramidatim
1562 2343 1622 2368 ra-

205 2395 372 2433 mulosis
403 2399 445 2432 et
474 2395 602 2446 spinis
634 2396 782 2447 sparsis
814 2396 1067 2448 simplicibus
1098 2397 1276 2443 armatis,
1302 2397 1468 2435 ramulis
1485 2409 1622 2448 supra-

201 2460 443 2499 axillaribus
490 2461 654 2501 densius
694 2462 883 2514 spinosis,
915 2463 1041 2514 spinis
1073 2464 1321 2503 ramulorum
1352 2464 1622 2503 adultioribus

209 2528 443 2579 patentibus
474 2529 851 2574 eonioo-subuIatis,
883 2529 1083 2568 st-ichidiis
1114 2529 1430 2581 subcompositis
1456 2529 1621 2569 rachide

201 2594 364 2646 spinosa
410 2595 659 2645 ramulisque
704 2595 1116 2647 obconico-oblongis
1163 2596 1250 2635 basi
1281 2597 1472 2647 elongata
1502 2595 1620 2634 nudis

201 2661 317 2713 apice
349 2674 469 2713 parce
499 2661 675 2714 spinosis
706 2661 948 2708 constitutis,
980 2662 1244 2713 eystoearpiis
1275 2691 1284 2700 .
1320 2693 1326 2699 .
1359 2691 1368 2699 .
1400 2691 1411 2708 ,

183 2739 481 2782 Acanthophora
519 2740 745 2773 dendroides
773 2737 893 2772 Harc.
921 2738 943 2771 I.
970 2748 998 2772 c.
1026 2739 1063 2772 in
1092 2738 1226 2773 Trans.
1252 2738 1366 2773 Irz'sli.
1394 2737 1510 2773 Acad.
1544 2738 1618 2773 Vol.

93 2794 228 2830 XXII.
249 2806 289 2838 p.
324 2798 424 2830 538ll

183 2855 326 2887 Exsicc.
354 2853 474 2888 Harv.
503 2854 635 2888 Austr.
663 2853 744 2898 Azy.
770 2863 829 2888 nto
856 2854 938 2888 139!
967 2852 1099 2897 Ceylon
1125 2864 1184 2888 mo
1213 2856 1272 2888 10!
