1728 3110
169 132 192 172 9
207 131 258 171 18
785 129 1068 171 RHODOMELEAE.
1372 132 1682 188 Polysiphonia.

164 262 254 292 citer
279 259 299 292 8
326 260 569 298 continentes,
594 260 631 290 at
658 257 704 291 ob
742 260 875 302 pinnas
913 259 1153 292 decurrentes
1192 260 1326 302 saepius
1366 259 1494 303 plures
1520 261 1683 293 sectione

162 317 401 351 transversali
428 318 637 350 offerentes.

254 377 410 419 SpecieS,
436 379 477 408 ut
492 386 605 419 supra
630 375 827 419 descripta,
843 386 863 408 a.
878 376 1128 418 descriptione
1154 375 1374 418 Harveyaua
1396 386 1470 409 non
1483 386 1616 419 parum
1630 375 1684 408 (11-

162 433 290 466 scedit.
339 434 474 466 Pinnas
501 444 629 467 omnes
656 433 844 477 simplices
873 434 1080 476 descripsit,
1106 432 1185 465 basi
1213 435 1444 470 constrictas,
1472 437 1508 466 et
1534 433 1684 466 alatere

160 492 268 525 valde
295 502 536 535 compressas.
587 493 640 526 Sit
679 495 720 525 ut
760 492 920 525 stadium
961 493 1008 523 sit
1046 491 1191 534 plantae,
1231 493 1268 524 in
1295 502 1370 535 quo
1398 494 1519 535 pinnae
1557 502 1684 525 omnes

161 551 347 594 simplices
373 552 464 595 siutg
497 550 671 584 stichidia
697 554 783 584 sunt
809 552 890 583 basi
927 551 1146 594 co'nstricta3
1184 551 1359 594 pinnulas
1385 554 1508 584 autem
1538 551 1684 588 steriles

160 621 180 642 a
205 610 284 642 basi
311 613 519 643 attenuatas
547 610 633 647 vidi.
661 610 922 642 teretiusculas
950 610 979 642 si
1015 620 1090 642 non
1130 612 1276 642 teretes.
1327 609 1496 642 Plantam
1524 620 1610 642 vero
1639 609 1684 641 ab

161 669 242 712 ipso
271 668 513 701 distributam
540 680 666 701 veram
694 669 930 701 considerare
957 668 1070 701 debui
1096 671 1132 701 et
1158 669 1385 701 differentias
1400 679 1420 700 a.
1434 668 1583 701 diverso
1601 678 1682 711 spe-

160 727 338 759 ciminum
367 727 488 759 stadio
516 727 638 759 forsan
659 723 884 769 pendentes.

253 784 385 817 Planta
411 795 432 817 a
457 785 605 827 Harvey
633 785 669 816 in
698 784 810 825 Phyc.
837 783 993 816 australi
1021 783 1168 826 depicta
1194 786 1249 816 est
1275 783 1684 826 capsulifera,kera1ni-

160 843 230 876 diis
258 844 377 875 ovatis
413 843 507 875 infra
533 844 653 886 apices
680 843 879 886 pinnarum
907 842 1110 875 sess-ilibus.
1158 843 1284 875 Pinnae
1310 843 1561 886 capsuligerae,
1587 841 1684 874 afilo

160 902 337 945 primario
365 904 516 944 repente
545 904 750 943 surgentes,
778 900 967 944 simplices
995 901 1264 944 depinguntur.

255 962 301 993 Ut
328 960 417 993 mihi
447 962 607 1003 cognita,
635 960 680 993 ad
707 962 745 993 P.
773 960 1020 993 dendriticam
1049 962 1218 1004 proxime
1245 961 1418 993 accedere
1444 960 1599 999 videtur,
1625 970 1682 992 ra-

161 1021 392 1053 mificationis
419 1030 549 1052 norma
576 1020 811 1059 conveniens,
838 1019 980 1052 distans
1007 1020 1191 1062 praecipue
1218 1020 1330 1051 ramis
1357 1018 1585 1051 secundariis
1602 1028 1684 1050 ver-

161 1079 320 1110 ticaliter
356 1077 679 1117 adscendentibus,
718 1088 792 1121 qua
828 1080 915 1109 nota
948 1077 993 1110 ad
1024 1078 1164 1121 species
1193 1079 1398 1121 pcctinatas
1424 1076 1576 1109 accedit]
1625 1075 1683 1108 Ab

158 1136 215 1168 his
246 1138 376 1169 contra
412 1136 535 1168 differt
573 1137 695 1178 pinnis
736 1135 971 1179 simplicibus
999 1140 1035 1168 et
1061 1136 1278 1179 compositis
1316 1135 1540 1178 regulariter
1573 1133 1683 1167 alter-

159 1194 347 1227 nantibus.

157 1300 194 1339 2.
228 1301 472 1338 PECTINATAE
517 1312 637 1339 mame
671 1297 938 1349 paras-itiam,
974 1310 1080 1338 mmo
1116 1297 1311 1350 majores,
1338 1296 1435 1351 filis
1455 1296 1686 1348 primariis

157 1365 487 1407 decumbentibus
515 1365 818 1414 rcuhmnbibus,
848 1364 1038 1416 apicibus
1066 1364 1402 1417 secundarie'sque
1424 1363 1527 1415 plus
1549 1365 1686 1405 mimas

158 1433 511 1483 adscendentibus,
543 1433 690 1484 pinnis
733 1431 1004 1474 vertieab'bus
1047 1432 1252 1486 bifariam
1295 1432 1512 1483 dispositis
1548 1431 1683 1473 subse-

414 1501 618 1551 emaciatis,
650 1501 844 1542 articulis
874 1502 1019 1541 &212
1047 1500 1258 1552 szfflwneis
1286 1499 1423 1541 nudis.

160 1603 197 1642 4.
228 1604 271 1642 P.
304 1615 550 1641 PECTiNELLA
581 1604 721 1652 (Here.
753 1603 860 1641 Μαν.
892 1604 978 1641 Bos.
1008 1603 1053 1650 qf
1086 1602 1196 1640 chsz‘.
1220 1601 1353 1640 Austr.
1374 1614 1435 1640 wo
1457 1601 1527 1647 99)
1546 1601 1683 1639 arach-

268 1670 417 1709 noidea
446 1684 551 1709 nana
581 1670 660 1709 filis
704 1670 1042 1710 decumbentibus
1074 1669 1348 1708 radicantibus
1382 1668 1683 1720 decomposito-

159 1786 214 1818 4a.
240 1785 278 1818 P.
306 1795 433 1817 PEC'I‘EN
461 1783 630 1826 (Aresch.
657 1783 773 1826 Pbyc.
799 1781 891 1816 Nov.
917 1782 957 1815 z'n
983 1781 1064 1814 Act.
1100 1780 1185 1823 Ups.
1211 1779 1288 1813 III.
1315 1780 1347 1814 1.
1369 1780 1512 1821 p.345)
1534 1780 1684 1816 minuta,

252 1843 370 1875 thallo
399 1845 599 1876 ecorticato
628 1842 918 1885 tetrasiplioneo,
950 1841 1137 1884 primariis
1163 1840 1234 1872 filis
1260 1839 1478 1883 repentibus
1506 1838 1683 1871 secunda-

252 1904 317 1934 riis
345 1903 475 1935 erectis
502 1903 778 1946 pauciramosis⁷
806 1902 919 1934 ramis
945 1901 1089 1933 ambitu
1121 1899 1325 1932 linearibus
1360 1900 1532 1942 pinnatis,
1560 1899 1683 1942 pinnis
1726 1919 1728 1922 -

255 1960 424 1993 distichis
452 1961 546 1994 duos
572 1961 752 1994 articulos
780 1959 1006 1993 distantibus
1027 1958 1551 1992 horizontali-subrecurvatis
1566 1957 1684 1989 latere

255 2020 439 2062 superiori
479 2019 905 2062 0001111010-111111111111115,
948 2017 1114 2061 pinnulis
1163 2016 1450 2060 simplicissimis
1495 2014 1681 2048 subulatis

254 2077 344 2109 stria
370 2077 634 2119 longitudinali
662 2079 811 2117 notatis,
837 2076 1005 2109 articulis
1036 2075 1211 2109 omnibus
1237 2075 1421 2107 diametro
1447 2084 1577 2117 parum
1601 2073 1683 2105 lon-

253 2134 432 2177 gioribus.

251 2192 311 2225 Ad
340 2203 441 2225 oram
469 2192 752 2225 meridionalem
778 2193 890 2225 Novze
918 2193 1126 2226 Hollandiae
1162 2193 1200 2225 in
1239 2193 1323 2225 sinu
1363 2192 1452 2224 Port
1489 2189 1680 2229 Adelaide,
1720 2204 1728 2223 ,-

163 2251 347 2284 Florideis
374 2252 611 2284 tenuioribus
638 2252 847 2283 innascens.

253 2310 333 2343 Fila
358 2310 494 2351 planta}
520 2311 698 2353 primaria
724 2320 789 2352 per
815 2310 1006 2342 matricem
1033 2310 1202 2352 repentia
1226 2310 1334 2353 eique
1360 2310 1460 2341 arcte
1491 2306 1681 2340 adhaeren-

162 2369 219 2408 tia,
246 2368 464 2400 secundaria
489 2378 536 2400 ex
562 2367 636 2400 illis
664 2367 865 2408 verticalia,
892 2369 955 2400 vix
994 2367 1203 2411 ³s4-pollicis
1244 2367 1328 2408 alta,
1366 2377 1460 2410 saepe
1488 2364 1681 2408 simplicia,

161 2426 222 2458 sed
250 2436 516 2469 nonnunquam
544 2436 647 2458 ramo
676 2436 750 2458 uno
777 2425 942 2458 alterove
967 2427 1160 2458 instructa.
1209 2426 1315 2458 Rami
1341 2425 1484 2457 ambitu
1511 2423 1682 2470 lineares,

162 2484 353 2516 semilinea
379 2495 511 2527 parum
537 2483 703 2523 latiores,
729 2482 885 2515 distiche
914 2485 1067 2526 pinnati.
1116 2485 1242 2516 Pinnae
1281 2483 1376 2516 duos
1413 2481 1591 2515 articulos
1627 2481 1680 2513 di-

162 2546 300 2576 stantes
327 2544 368 2584 (i.
395 2553 424 2574 e.
452 2543 550 2574 inter
576 2542 670 2573 duos
709 2541 886 2574 articulos
925 2543 1131 2584 pinniferos
1168 2541 1386 2583 interjectus
1420 2543 1475 2572 est
1501 2538 1679 2572 articulus

161 2612 235 2635 non
263 2601 499 2644 pinniferus),
523 2598 938 2643 patenti-horizoutales
965 2599 988 2631 l.
1017 2599 1279 2639 liorizontaleS‚
1307 2599 1430 2631 saltim
1456 2598 1558 2640 apice
1585 2606 1679 2640 saepe

163 2660 412 2691 subarcuatim
440 2660 652 2695 recurvam«,
678 2657 793 2689 latere
823 2658 967 2689 tautum
989 2659 1173 2701 superiori
1188 2659 1366 2701 pinnatae3
1395 2655 1557 2699 pinnulae
1573 2654 1676 2694 duos,

162 2719 204 2748 ut
230 2717 361 2759 pinnae,
387 2715 565 2748 articulos
593 2715 783 2753 distantes,
809 2725 964 2747 numero
992 2726 1075 2748 raro
1101 2715 1132 2755 4,
1159 2715 1381 2759 plerumque
1409 2714 1438 2753 5,
1462 2712 1583 2756 quoad
1600 2713 1679 2755 pin-

163 2785 247 2806 nam
275 2774 523 2817 subpatentes,
550 2773 740 2814 subulatae,
762 2773 1053 2816 simplicissima,
1071 2775 1163 2806 stria
1177 2771 1442 2816 longitudinali
1458 2770 1542 2813 plus
1557 2771 1679 2802 minus

164 2831 325 2863 evidenti
354 2834 499 2864 notatae..
548 2830 711 2864 Articuli
738 2839 866 2864 omnes
893 2830 1074 2864 diametro
1101 2831 1212 2874 paulo
1237 2830 1440 2873 longiores,
1465 2827 1611 2860 filorum
1633 2827 1679 2859 si-

164 2887 349 2928 phonibus
392 2889 522 2929 tribus,
560 2888 758 2932 pinnarum
796 2888 941 2921 duobus
980 2891 1135 2930 tantum,
1163 2900 1246 2922 cum
1270 2889 1308 2921 in
1334 2888 1425 2920 facie
1452 2885 1520 2918 sub
1548 2887 1679 2918 micro-
