1728 3110
140 107 164 147 7
173 106 198 146 6
207 106 233 146 2
775 100 1006 143 Cuonnnim.
1408 96 1656 143 Laurencz‘a.

247 233 551 282 simpliciusculis
581 233 1010 284 clavato-cylindraceis,
1041 232 1239 283 sporiseris
1270 231 1528 270 erectiusculis
1559 242 1657 269 con-

247 300 431 338 formibus
462 301 558 339 infra
589 301 715 350 apices
746 304 937 339 truncatos
968 302 1254 351 spliaerosporas
1286 300 1322 338 in
1354 299 1504 338 fascium
1523 300 1658 349 dispo-

246 369 333 406 sitas
364 367 593 419 gerentibus,
624 368 839 406 keramidiis
871 367 1144 418 subsphaericis.

228 444 342 478 Fucus
369 445 535 488 hybridus
561 444 645 480 Dec.
674 445 694 478 l.
721 456 751 479 c.
779 445 865 483 (fido
891 444 1042 488 Chauv.)

229 504 400 537 Chondria
426 505 569 548 hybrida
597 504 727 538 Clzauv.
755 504 824 548 Alq.
850 502 973 538 Norm.
998 514 1033 538 n.
1059 504 1130 538 4011

228 562 418 596 Laurencia
446 563 590 607 hybrida
615 562 781 597 Lenorm.
813 563 850 596 in
876 561 965 597 Dub.
991 561 1068 596 Boc.
1096 560 1182 596 Gall.
1204 572 1238 606 p.
1265 563 1348 596 954!
1380 561 1482 596 Isu'lz..
1505 560 1563 605 Sp.
1589 560 1658 607 Azy.

162 646 167 653 .
196 620 273 653 856.

133 629 157 663 p
229 679 418 714 Laurencia
445 682 632 723 caespitosa
660 679 768 714 Harl).
795 680 932 724 Pliycol.
958 679 1047 714 Brit.
1074 679 1142 714 tab.
1169 677 1425 713 CCLXXXVIJJ
1437 681 1471 713 et
1487 677 1582 712 Man.
1598 676 1658 711 Ed.

136 736 183 770 II.
233 764 240 771 .
267 738 321 771 98.

206 746 342 829 pFucus
367 796 592 838 pinnatifidus
618 805 690 829 var.
718 799 886 838 angustus
917 794 1020 830 Turn.
1047 795 1133 829 Hz'st.
1161 794 1244 829 Fac.
1271 795 1336 829 tab.
1364 798 1406 829 ΞΟ
1429 794 1485 840 fiq.
1510 794 1558 839 fi!

228 854 421 887 Laurenc-ia
455 854 658 896 pinnatifida
686 866 720 899 γ.
748 858 894 896 angusta
931 853 1034 889 Grec.
1061 855 1130 899 Alq.
1158 853 1246 888 Brit.
1267 865 1303 899 p.
1331 856 1406 888 409.
1433 854 1539 888 Harv.
1567 853 1662 888 Man.

130 921 166 956 p.
193 914 234 945 60
261 914 293 946 et
318 912 419 955 Phyc.
448 911 537 946 Brit.
562 912 636 947 sub.
664 913 732 946 tab.
760 912 829 948 LV.

229 970 330 1003 Laur.
358 970 545 1015 cylindrica
572 970 673 1004 Ii‘t'tlz.
699 971 755 1015 Sp.
781 971 850 1015 Alq.
873 981 909 1015 p.
939 971 1028 1004 856?

246 1041 335 1079 llab.
367 1041 405 1079 in
438 1053 583 1080 oceano
616 1043 792 1081 atlantico
823 1043 868 1081 ad
902 1055 986 1081 oras
1019 1043 1162 1082 Gallim!
1196 1046 1232 1081 et
1262 1043 1495 1094 Britanniae!;
1520 1042 1556 1081 in
1573 1043 1667 1081 mari

139 1108 290 1146 australi
323 1120 397 1146 sec.
431 1112 582 1157 [larvey.

227 1185 336 1219 Frons
369 1187 496 1219 eximie
529 1188 716 1229 caespitosa
749 1188 965 1230 pyramidata
997 1189 1299 1232 2—5-pollioaris,
1333 1197 1376 1221 ex
1407 1189 1507 1221 tereti
1542 1197 1663 1230 parum

136 1252 350 1289 compressa,
388 1245 556 1279 diametro
596 1246 774 1279 dimidiam
813 1247 940 1279 lincam
979 1248 1120 1281 circiter
1153 1256 1308 1291 aequans,
1339 1247 1415 1280 basi
1443 1247 1664 1290 nudiuscula,

135 1311 216 1336 mox
250 1303 400 1336 distiche
433 1304 857 1347 decomposito-pinnata,
883 1307 999 1348 pinnis
1025 1306 1237 1349 patentibus,
1264 1305 1487 1339 inferioribus
1512 1305 1568 1339 hic
1594 1306 1665 1338 illic

135 1362 326 1405 oppositis,
372 1362 613 1405 superioribus
651 1365 782 1406 saepius
820 1363 976 1396 alternis.
1044 1363 1199 1396 Pinnulae
1237 1363 1421 1397 inferiores
1457 1364 1664 1406 plerumque

135 1420 362 1463 prolongatae,
391 1421 425 1453 in
451 1422 568 1463 planta
584 1421 753 1464 sporisera
776 1422 1032 1464 erectiusculae‚
1060 1423 1094 1455 in
1119 1421 1328 1464 capsulisera
1356 1423 1465 1463 magis
1490 1424 1664 1466 patentes,

135 1479 407 1520 superioresque
434 1480 839 1522 clavato-cylindraceae.
887 1480 1084 1513 Keramidia
1112 1481 1145 1513 in
1172 1481 1280 1513 latere
1302 1482 1336 1513 et
1350 1481 1479 1523 pagina
1508 1482 1666 1524 compla-

134 1539 214 1569 nata
252 1537 475 1577 pinnularum
511 1538 647 1570 sessilia
686 1538 941 1581 subsphaerica,
979 1539 1164 1579 gemmidia
1190 1538 1355 1571 foventia.
1403 1538 1603 1571 Antheridia
1630 1539 1665 1571 in

135 1594 290 1637 capsulis
317 1595 456 1628 demum
482 1596 676 1629 scutellatis
704 1597 956 1630 terminalibus.
987 1596 1189 1630 Substantia
1216 1597 1525 1637 subcartilaginea.
1563 1596 1664 1629 Color

135 1661 226 1686 nunc
254 1652 381 1686 obsure
406 1662 679 1698 purpurascens,
706 1663 797 1687 nunc
823 1655 900 1687 luce
927 1656 1099 1696 expositae
1125 1655 1315 1687 lutescens.

228 1710 372 1754 Harvey,
411 1713 468 1754 qui
506 1711 608 1754 hujus
647 1714 778 1754 speciei
818 1712 914 1745 dedit
950 1713 1087 1746 iconem
1121 1715 1156 1746 et
1187 1713 1461 1755 descriptionem
1487 1713 1664 1755 eximiam,

136 1770 178 1803 ad
217 1778 295 1802 oras
332 1770 518 1803 Britanniae
557 1770 775 1812 frequentem
817 1773 852 1804 et
876 1770 949 1803 sere
987 1780 1126 1814 semper
1164 1771 1369 1814 rupicolam,
1407 1779 1483 1803 raro
1517 1771 1551 1803 in
1577 1770 1663 1811 algis

135 1828 329 1861 minoribus
356 1832 576 1861 crescentem
602 1829 700 1862 dixit.
761 1829 831 1862 Hac
858 1830 993 1862 vivendi
1023 1832 1156 1863 ratione
1183 1839 1201 1862 a
1228 1829 1266 1862 G.
1292 1828 1497 1871 pinnatifido
1523 1828 1664 1871 Lyngb„

136 1886 229 1928 quod
255 1895 335 1919 cum
360 1888 525 1929 praesenti
553 1887 819 1930 conjunxerunt,
842 1887 913 1929 jam
939 1887 1182 1929 dignoscatur3
1209 1886 1376 1919 differunt
1397 1887 1540 1928 insuper
1554 1885 1664 1918 forma

137 1944 282 1977 frondis.
308 1944 342 1978 L.
371 1946 570 1987 caespitosae
596 1945 755 1978 Lamour.
781 1947 920 1978 nomine
941 1945 1126 1979 admodum
1151 1945 1307 1978 diversas
1322 1945 1461 1986 species
1476 1945 1663 1986 inscriptas

138 2003 300 2036 vidimus.
351 2002 536 2044 Specimen
564 2003 801 2036 authenticum
830 2005 995 2048 auctoris,
1021 2004 1115 2046 quod
1140 2012 1258 2036 coram
1285 2002 1394 2035 oculis
1420 2001 1545 2045 habeo,
1562 2010 1664 2034 mon-

139 2064 226 2094 strat
256 2062 410 2104 plantam
442 2063 677 2105 parasiticam,
704 2061 825 2095 fronde
852 2071 1054 2104 compressa
1080 2062 1303 2103 pinnulisque
1329 2061 1582 2103 patentissimis
1609 2062 1663 2093 in-

140 2120 286 2164 signem,
313 2123 348 2153 et
373 2129 391 2153 a
416 2120 450 2153 L.
479 2120 623 2162 hybrida
650 2121 885 2154 recentiorum
909 2120 1011 2153 facile
1038 2119 1331 2159 distinguendam.

139 2243 201 2285 24.
232 2249 265 2284 L.
295 2256 587 2285 Disricnorintm
620 2246 674 2292 (J.
712 2248 778 2294 Ay.
820 2248 956 2292 mser.)
991 2245 1125 2283 froude
1156 2256 1372 2295 compressa
1405 2245 1561 2283 distiehe
1590 2244 1663 2281 de-

247 2315 655 2365 composito-pinnuta,
693 2313 817 2363 pinnis
848 2314 885 2350 in
918 2313 1067 2351 racliide
1106 2314 1229 2350 stricta
1271 2313 1467 2364 oppositis,
1498 2312 1662 2350 inferio-

249 2381 350 2419 ribus
369 2382 621 2431 prolongatis,
639 2381 899 2430 superioribus
916 2381 1177 2430 subpalmatim
1198 2381 1480 2428 tri—multifidis,
1497 2380 1662 2429 pinnulis

248 2448 479 2497 simplicibus
525 2448 768 2495 cylindraceis
817 2447 972 2497 obtusis,
1018 2449 1216 2497 sporiferis
1261 2447 1520 2486 conformibus
1565 2447 1660 2486 intra

249 2516 376 2565 apices
420 2516 701 2564 sphaerosporas
747 2516 784 2553 in
830 2515 980 2553 fasciam
1027 2516 1226 2565 dispositas
1270 2514 1500 2564 gerentibus,
1545 2515 1659 2552 kera-

247 2584 385 2621 midiis.
417 2614 424 2622 .
457 2612 465 2621 .
498 2613 505 2621 .

249 2673 337 2713 Ilab.
370 2673 406 2710 in
438 2683 583 2711 oceano
615 2670 794 2710 australi?
825 2670 906 2720 (Hb.
938 2671 1017 2720 Ag.)

230 2760 384 2793 Frondes
422 2761 620 2802 caespitosae
657 2759 967 2802 2—3-pollicares,
1007 2768 1049 2792 ex
1088 2761 1186 2793 tereti
1213 2767 1437 2802 compressae,
1466 2758 1658 2800 3—4-pin-

139 2821 240 2851 nntae.
278 2819 403 2851 Rachis
430 2819 647 2865 semilineam
671 2819 751 2861 lata,
778 2818 892 2858 pinnis
919 2825 1041 2858 parum
1069 2818 1339 2858 angustioribus.
1366 2817 1482 2850 Pinnae
1499 2817 1656 2858 pluriinae

140 2876 343 2914 regulariter
376 2878 559 2919 oppositae,
593 2878 652 2909 aut
685 2875 857 2909 nonnullis
895 2875 937 2907 ab
971 2874 1035 2908 hac
1068 2875 1298 2917 dispositione
1325 2874 1567 2908 aberrantibus
1597 2884 1659 2916 per
