1728 3110
25 128 276 173 Laurencia.
676 124 906 167 CuoxnmEAE.
1452 123 1510 165 75
1519 125 1544 166 3

26 264 176 297 matione
211 263 296 304 orta,
329 262 363 293 et
393 260 439 292 ita
471 257 592 289 horum
627 255 893 297 dispositionem
921 265 1040 289 revera
1067 258 1253 301 servantia,
1279 257 1438 300 pluribus
1465 267 1546 290 vero

26 325 84 355 ant
109 320 334 363 paucioribus
361 316 625 358 transformatis,
652 316 742 346 inter
768 314 919 346 ramulos
947 316 1083 347 steriles
1097 317 1273 356 sparsiora
1289 318 1347 349 aut
1362 318 1546 357 aggregata

26 381 231 421 occurrunt,
267 380 348 410 sunt
382 375 522 409 ramulis
549 374 735 414 crassiora,
762 371 833 404 sere
861 372 1034 414 sphaerica
1062 376 1120 406 aut
1146 383 1205 406 ore
1232 375 1354 407 leviter
1376 376 1546 416 producto

25 439 205 472 subovata.
267 436 394 468 Planta>
435 433 523 465 bene
566 433 773 474 praeparatae
801 432 898 463 color
924 434 1375 474 coccineo-purpurascens
1402 435 1436 465 et.
1460 433 1546 465 sub-

26 498 150 530 stantia
183 503 347 536 carnosa,
378 494 580 535 plerumque
612 492 645 523 in
677 489 848 522 herbariis
881 490 1094 533 decolorata,
1122 491 1226 523 rubro
1254 495 1288 524 et
1313 492 1405 525 luteo
1434 493 1547 524 varie-

26 560 115 599 gata,
142 554 443 593 subcartilaginea.

117 614 211 646 Hanc
238 614 387 654 plantam
413 609 570 652 pluribus
598 609 723 641 abhinc
750 609 848 641 annis
866 617 883 640 e
910 607 992 649 Cap.
1019 607 1051 639 b.
1079 607 1160 650 Spei
1188 608 1269 640 mihi
1297 609 1391 641 misit
1416 608 1549 651 Harvey

26 674 164 706 nomine
197 669 248 703 ’'L.
283 667 523 711 botryoides‘?⁷’
559 665 755 709 Capensem
788 668 905 708 itaque
936 666 970 698 L.
1005 666 1237 709 botryoidem,
1274 668 1307 698 in
1333 666 1410 698 Ner.
1439 669 1547 700 austr.

25 732 262 770 memoratam,
300 729 342 761 ad
379 731 534 761 nostram
571 728 746 769 pertinere
785 727 958 767 suspicor.
1021 724 1113 757 ldem
1153 725 1195 757 de
1231 725 1348 767 planta
1374 724 1547 765 Kiitzingii

24 791 126 823 valet.
182 788 353 821 Praeterea
381 793 535 820 nostram
568 786 722 827 plantam
749 793 766 817 a
794 784 926 826 Harvey
953 786 990 817 ut
1015 784 1161 816 formam
1187 783 1221 815 L.
1248 782 1383 815 obtusae
1411 790 1549 824 quoque

24 849 249 881 memoratam
274 848 369 889 puto.

28 975 85 1013 42.
116 978 149 1013 1..
182 981 386 1011 GLOMERATA
419 971 558 1017 [Salar.
592 972 728 1014 mser.)
758 968 892 1007 fronde
911 969 1017 1006 tereti
1038 978 1347 1017 quoquoversum
1366 967 1549 1016 pinnato-

133 1053 277 1079 ramosa
319 1039 541 1089 papillisque
580 1037 825 1084 cylindraceis
864 1036 1043 1073 truncatis
1075 1036 1308 1085 glandulosa,
1341 1035 1452 1073 ramis
1485 1047 1549 1072 ra-

133 1109 294 1146 cemosis
326 1109 407 1157 plus
438 1107 561 1143 minus
601 1104 827 1152 regulariter
857 1104 1042 1153 oppositis
1074 1103 1363 1153 vei-ticillatisve,
1397 1103 1549 1139 ramulis

134 1178 170 1214 in
217 1187 320 1214 ramo
366 1174 583 1212 abbreviato
630 1172 856 1209 densissime
889 1170 1378 1220 glomerato-corymbosis,
1410 1169 1550 1206 ultimis

133 1245 297 1293 alternis,
328 1242 523 1292 sporiseris
556 1239 816 1278 conformibus
848 1270 854 1277 .
888 1270 894 1276 .
927 1270 934 1277 .
967 1270 974 1277 .
1008 1269 1015 1289 ,
1047 1237 1273 1276 keramidiis.
1307 1268 1314 1276 .
1348 1269 1354 1276 .
1386 1267 1394 1275 .

136 1323 220 1360 [lab.
253 1322 289 1358 in
322 1332 466 1359 oceano
498 1319 673 1357 atlantico
706 1318 876 1357 calidiori
909 1318 951 1355 ad
984 1320 1028 1355 La
1069 1320 1211 1365 Guayra
1243 1319 1279 1353 et
1309 1318 1445 1356 Puerto
1478 1320 1549 1355 Ca-

26 1390 124 1429 ballo
156 1390 240 1437 (llb.
273 1389 462 1435 Binderl).

117 1468 224 1500 Frons
261 1467 397 1509 pusilla,
443 1465 745 1507 3—4-pollicaiis,
783 1465 943 1496 crassitie
981 1471 1130 1505 pennam
1163 1463 1381 1505 passerinam
1408 1463 1549 1496 circiter

25 1536 181 1570 aequans,
217 1535 259 1558 ex
291 1525 458 1566 adparatu
492 1524 620 1556 fibroso
647 1525 761 1555 erecta
792 1523 950 1565 indivisa,
977 1530 1158 1554 racemosa
1186 1523 1246 1553 aut
1271 1522 1376 1554 ramis
1404 1522 1548 1555 inferio-

26 1584 408 1624 ribus¹decompositis
449 1582 863 1624 paniculato-racemosa,
907 1582 1011 1613 ramis
1049 1589 1175 1621 nempe
1202 1579 1415 1613 abbreviatis
1442 1590 1548 1622 supra

26 1645 179 1684 stipitem
224 1642 364 1673 brevem
404 1639 838 1681 glomerato-corymbosis
883 1639 1007 1681 obsita,
1046 1639 1185 1680 papillis
1231 1640 1376 1679 insuper
1413 1641 1548 1681 sparsis

25 1703 216 1743 conspicue
254 1699 469 1751 glapdulosa.
530 1699 625 1731 Rami
664 1698 743 1741 plus
782 1699 894 1731 minus
936 1698 1141 1738 regulariter
1173 1698 1336 1739 oppositi,
1364 1706 1455 1729 nunc
1482 1705 1550 1729 uno

27 1768 120 1791 ramo
159 1758 290 1800 maJ’ori,
329 1758 436 1790 altero
476 1758 597 1789 minori
638 1757 853 1797 glandulisve
892 1758 1095 1799 constituto,
1135 1756 1317 1788 inferiores
1344 1756 1550 1797 plerumque

24 1819 90 1859 ipsi
121 1817 304 1859 racemosi,
331 1816 529 1857 superiores
556 1816 645 1848 2-[3
672 1815 781 1848 lineas
808 1816 911 1858 longi,
939 1816 1082 1848 ramulis
1097 1813 1550 1856 numerosissimis,infimis

26 1876 207 1918 oppositis,
246 1873 487 1915 superioribus
526 1874 667 1906 alternis
705 1876 763 1906 aut
800 1874 1020 1914 dichotomis,
1054 1873 1399 1915 erecto—patentibus
1427 1873 1460 1904 in
1488 1879 1547 1903 co-

26 1933 182 1975 rymbum
219 1932 457 1974 paniculatum
496 1932 703 1964 densissime
745 1934 934 1973 congestis.
995 1932 1127 1965 Ramuli
1161 1932 1372 1974 cylindracei
1400 1931 1549 1963 truncati

26 1991 258 2024 millimetrum
290 1991 346 2022 vix
371 1993 563 2032 aequantes.
588 1990 727 2032 Papillae
754 1991 973 2024 bI'CVlSSlmffl
999 1992 1177 2032 simplices
1204 1991 1434 2033 cylindraceae
1451 1993 1550 2023 trun-

25 2050 263 2083 cato-obtusae
298 2058 365 2082 una
398 2058 477 2082 cum
505 2051 608 2082 ramis
636 2050 854 2092 corymbosis
881 2060 898 2082 a
926 2051 1025 2082 caule
1055 2052 1230 2092 ramisque
1258 2049 1447 2091 maj0ribus
1474 2050 1550 2082 sine

26 2109 146 2141 ordine
184 2108 406 2150 pullulantes.
468 2108 614 2141 Fructus
655 2109 743 2141 bene
781 2109 939 2141 evolutos
980 2118 1049 2141 non
1090 2108 1172 2141 vidi.
1234 2109 1334 2141 Color
1361 2110 1550 2142 coccineo-

24 2175 295 2208 purpurascenS.
346 2165 548 2199 Substantia
576 2166 881 2207 subcartilaginea.

118 2224 261 2257 Habitus
298 2225 486 2266 peculiaris
525 2227 680 2266 speciem
719 2226 921 2258 distinctam
962 2225 1117 2258 indicare
1145 2225 1292 2258 ridetur.
1342 2226 1390 2259 Ad
1416 2226 1450 2259 L.
1480 2227 1550 2258 vir-

26 2288 140 2326 gatam
168 2284 284 2317 forsan
311 2285 470 2325 proxime
499 2283 761 2318 characteribus
789 2285 936 2328 accedit,
966 2285 1028 2317 sed
1055 2285 1163 2318 multo
1191 2286 1303 2317 minor
1329 2288 1363 2317 et
1378 2285 1549 2325 glandulis

27 2343 213 2376 admodum
247 2343 459 2385 conspicuis,
493 2344 626 2375 caulem
655 2343 898 2384 glandulosum
926 2343 1174 2384 Sargassorum
1201 2344 1420 2386 quorundam
1448 2352 1550 2375 revo-

28 2402 199 2445 cantibus,
221 2400 471 2441 dignoscenda.
500 2420 543 2425 ——
569 2401 660 2434 Suhr
686 2411 783 2435 suam
810 2404 965 2444 speeiem
993 2411 1071 2435 cum
1098 2403 1174 2435 loco
1202 2404 1306 2435 natali
1333 2399 1487 2434 ’'collam’'
1516 2403 1548 2433 in

28 2459 193 2493 schedula
231 2460 409 2501 adscripto
448 2460 635 2494 distribuit.
698 2461 897 2502 Specimina
936 2464 1050 2494 autem
1093 2461 1262 2494 Suhriana
1297 2462 1371 2493 sine
1399 2460 1504 2492 dubio
1531 2469 1549 2491 e

28 2518 194 2551 Herbario
232 2518 369 2550 Binderi
407 2520 627 2561 proveniunt,
664 2522 698 2552 et
723 2519 929 2552 Binderiana
956 2520 1073 2561 planta
1101 2521 1133 2551 in
1161 2520 1238 2551 loco
1265 2527 1369 2560 supra
1397 2517 1548 2549 indicato

30 2575 194 2609 obvenire
232 2577 351 2611 sei-tur.
414 2578 590 2619 Ejusmodi
618 2579 658 2611 (le
686 2580 762 2612 loco
789 2579 893 2612 natali
924 2579 1027 2611 salsas
1053 2579 1194 2611 notitias
1221 2579 1254 2609 in
1280 2577 1408 2620 plantis
1435 2574 1548 2607 Suhrii

30 2644 124 2677 saepe
151 2635 375 2678 deprehendi.

36 2760 92 2800 43.
123 2765 155 2800 L.
185 2771 407 2800 DENnuomEA
441 2761 493 2806 [J.
531 2764 596 2811 Ay.
637 2767 771 2811 mser.)
813 2764 948 2801 fronde
980 2762 1087 2800 tereti
1120 2769 1429 2810 quoquoversum
1462 2759 1548 2808 pin-

141 2833 417 2880 nato-ramosa,
449 2831 561 2868 ramis
592 2832 627 2868 in
660 2833 764 2870 caule
796 2830 1022 2880 subproprio
1045 2829 1190 2877 apicem
1215 2839 1342 2866 versus
1361 2828 1549 2876 praeeipue

140 2899 354 2936 numerosis
397 2899 477 2947 plus
518 2898 641 2938 minus
687 2900 910 2948 regulariter
953 2896 1134 2946 oppositis
1165 2894 1453 2946 verticillatisve,
1485 2906 1549 2932 ra-
