1728 3110
149 113 201 153 10
211 112 235 153 9
245 112 268 152 8
769 110 1051 152 Ruononfflffi.
1411 117 1659 172 Kiitzinyia.

141 241 375 284 superiorem
402 243 437 273 in
465 241 588 274 medio
615 240 1000 281 sub-canaliculatam,
1026 243 1061 272 et
1087 241 1301 274 inferiorem
1334 241 1565 284 marginibus
1589 244 1660 286 api-

141 310 256 343 ceque
283 300 419 333 obtuso
452 300 632 333 revolutis
665 301 859 343 insignem,
886 301 1095 332 offerentes.
1143 299 1322 332 Stichidia
1348 301 1384 333 in
1412 303 1570 344 utraque
1599 311 1659 343 pa-

140 360 227 402 gina
253 359 524 402 provenientia,
559 368 665 391 secus
696 360 898 391 interstitia
925 368 1102 391 zonarum
1130 358 1429 390 transversaliter
1456 360 1600 399 seriata,
1625 360 1661 392 in

142 418 275 461 pagina
315 418 507 460 superiore
547 427 661 460 prope
694 420 844 456 costam,
878 418 914 449 in
949 416 1127 449 inferiore
1156 419 1295 449 costam
1322 417 1523 459 fugientia·7
1550 418 1662 450 inter-

141 476 242 508 stitia
269 475 408 508 fertilia
434 476 537 508 zonis
564 474 653 508 5-(3
679 475 870 508 sterilibus
899 474 1121 518 plerumque
1150 477 1330 518 separata,
1357 484 1469 507 venas
1499 475 1663 507 referunt

141 534 419 574 transversales,
454 544 474 566 a
507 536 609 567 costa
635 533 679 566 ad
718 534 923 576 marginem
959 536 1219 575 excurrentcs3
1258 532 1462 565 obveniunt
1489 532 1663 575 praeterea

141 594 177 625 in
212 593 347 636 pagina
384 592 570 630 inferiore,
608 593 645 624 in
684 593 765 634 ipso
803 593 969 634 margine
1008 590 1191 631 revoluto,
1225 590 1398 623 stichidia
1432 601 1547 634 pauca
1580 594 1663 624 ante

143 660 256 683 venas
284 649 611 693 Iongitudinaliter
645 650 780 681 seriata
811 651 876 681 aut
902 648 1196 688 subsasciculata,
1223 649 1428 691 marginem
1456 649 1560 692 quasi
1588 659 1663 681 cre-

144 709 315 742 nulatum
347 709 576 741 mentientia.
635 707 747 740 Color
774 709 964 739 exsiccata¹
993 718 1010 739 e
1037 707 1148 739 badio
1176 707 1402 749 nigrescens.
1451 706 1666 740 Substantia

146 770 260 809 firma,
288 768 424 801 charta·
454 778 527 801 non
554 767 730 800 adhaeret.

234 838 343 871 Kiitz.
376 837 622 871 canaliculata
656 839 692 869 et
722 836 806 869 Am.
843 835 1020 879 prolifera
1044 835 1114 878 Ag.
1143 838 1291 878 aspectu
1321 846 1395 869 non
1424 846 1553 879 parum
1581 845 1665 869 con-

144 897 307 936 veniunt,
333 896 429 928 unde
457 898 492 928 et
518 897 553 928 111
581 895 707 938 Symb.
735 895 873 927 nostris
901 895 1152 937 suspicionem
1180 894 1225 926 de
1251 893 1446 926 identitate
1472 895 1666 938 utriusque

144 955 298 999 protuli.
349 954 622 998 Speciminibus
658 954 868 996 Kiitzingia³
907 956 1033 996 postea
1072 953 1170 993 visis,
1202 952 1380 996 adspectu
1412 954 1589 996 utrasque
1621 955 1666 985 si-

144 1016 260 1056 miles,
294 1017 484 1048 structura
517 1015 683 1047 ‹liversas
718 1014 889 1047 observo.
940 1012 1119 1045 stichidia
1144 1012 1251 1055 hujus
1278 1013 1412 1055 speciei
1441 1013 1667 1055 marginalia,

144 1086 227 1119 quae
263 1075 301 1107 in
339 1075 446 1106 icone
487 1073 665 1105 indicavit
703 1072 876 1112 Gtreville,
909 1083 929 1104 a
962 1071 1205 1116 sequentibus
1239 1082 1312 1104 non
1347 1074 1559 1108 memorata,
1591 1072 1667 1114 ipse

144 1143 295 1177 quoque
329 1133 417 1165 vidi.
474 1131 655 1165 Stichidia
689 1142 767 1164 esse
801 1132 837 1163 in
873 1131 1007 1174 pagina
1038 1131 1230 1174 superiore
1258 1133 1294 1162 et
1320 1130 1495 1163 inferiore
1521 1130 1667 1163 diverso

144 1191 255 1224 modo
288 1191 470 1233 disposita
506 1191 599 1223 bene
627 1190 800 1223 exhibuit
828 1189 990 1231 Sonder·7
1023 1190 1085 1221 vix
1115 1190 1262 1232 proprie
1289 1192 1412 1221 autem
1440 1189 1484 1221 ab
1511 1198 1554 1221 eo
1581 1189 1667 1221 dici-

144 1252 206 1282 tur
244 1250 372 1283 eadem
412 1260 491 1282 esse
531 1248 856 1292 longitudinaliter
889 1248 1102 1286 uniscriata,
1136 1251 1171 1279 et
1197 1247 1288 1279 4—ss
1313 1251 1515 1290 aggregata
1540 1248 1575 1279 in
1608 1258 1668 1290 pa-

144 1310 231 1351 gina
258 1310 470 1352 superiore·7
498 1311 584 1340 sunt
610 1308 709 1339 enim
736 1310 947 1339 transverse
974 1307 1108 1338 seriata
1133 1306 1167 1338 in
1198 1306 1390 1349 superiore
1424 1305 1524 1338 velut
1552 1307 1589 1337 111
1614 1306 1668 1338 in-

144 1369 280 1401 feriore
314 1368 469 1410 paginag
502 1370 540 1399 at
574 1376 686 1408 supra
710 1366 963 1407 angustiorem
991 1367 1132 1396 costam
1158 1365 1194 1396 111
1224 1364 1289 1396 illa
1315 1364 1504 1407 disposita,
1531 1366 1667 1397 costam

145 1428 324 1471 fugientia
350 1427 387 1458 in
415 1425 490 1465 hac,
518 1428 554 1457 et
582 1435 645 1467 per
670 1424 842 1456 latiorem
872 1422 1047 1455 laminam
1076 1422 1287 1454 evidentius
1314 1423 1449 1454 seriata.
1475 1422 1664 1464 adparent.

142 1566 182 1605 2.
212 1566 261 1605 K.
293 1576 477 1604 ANGUSTA
514 1564 653 1613 (Harv.
690 1562 795 1600 Mar.
833 1562 918 1600 Bot.
956 1562 1002 1609 of
1043 1561 1156 1599 West.
1189 1563 1309 1599 austr.
1340 1572 1401 1599 9250
1432 1560 1502 1607 63)
1535 1559 1667 1612 pinnis

254 1633 453 1686 oppositis
497 1632 719 1671 linearibus
765 1629 1140 1682 subintegerrimis‚
1184 1627 1399 1680 superficie
1443 1631 1483 1666 et
1523 1627 1666 1680 margi-

256 1701 375 1741 nibus
406 1700 552 1752 planis,
582 1702 694 1738 costa
733 1698 855 1749 longe
887 1697 992 1735 infra
1022 1696 1179 1748 apicem
1211 1695 1438 1734 revolutum
1472 1694 1666 1741 obsoleta,

255 1769 368 1808 zonis
421 1767 648 1806 numerosis
702 1771 861 1817 (parum
916 1764 1164 1816 conspicuis)
1217 1762 1342 1801 series
1388 1761 1666 1801 stichidiorum

255 1834 546 1874 transversales
577 1832 871 1885 separantibus,

237 1914 439 1956 Kutzingia
476 1916 633 1956 angusta
672 1910 790 1944 Harv.
819 1910 841 1943 l.
868 1919 896 1942 c.
922 1910 961 1942 2⁷21
990 1908 1123 1942 Trans.
1150 1907 1252 1942 Irisk
1281 1906 1396 1940 Acad.
1432 1905 1505 1940 Vol.
1534 1905 1666 1940 XXII.

139 1982 180 2015 p.
208 1973 292 2006 538!
322 1970 435 2013 Phyc.
465 1973 585 2004 aoscwstr.
614 1968 695 2003 tab„
715 1966 936 2002 CLCCVII!

244 2031 389 2064 Exsicc.
415 2028 536 2062 Harv.
564 2031 684 2062 (lustr.
712 2027 794 2071 Aly.
819 2036 878 2060 wo
904 2027 986 2060 131!

256 2101 359 2139 Hab.
391 2100 440 2139 ad
472 2111 562 2138 oras
593 2097 1028 2137 austro-occidentales
1054 2095 1182 2135 Novae
1205 2094 1666 2144 Hollandiae(Harvey!)

237 2180 517 2215 Ramificatione
556 2182 591 2210 et
630 2178 808 2221 adspectu
849 2177 892 2209 K.
931 2176 1181 2209 canaliculatae
1219 2178 1256 2207 at
1293 2175 1498 2217 angustior,
1535 2173 1667 2205 lineam

147 2241 293 2274 circiter
319 2239 405 2278 lata,
434 2242 470 2270 et
498 2238 619 2281 pinnis
646 2236 755 2281 paulo
782 2235 1028 2268 erectioribus
1054 2236 1246 2267 instructa.
1286 2234 1455 2267 sectione
1483 2235 1668 2264 transver-

147 2300 215 2333 sali
251 2298 406 2342 adparet
446 2296 618 2330 frondem
654 2295 842 2337 juniorem
882 2304 959 2326 esse
997 2294 1195 2336 ancipitem
1222 2294 1363 2335 (neque
1391 2289 1666 2323 canaliculatam

147 2369 265 2402 neque
292 2356 526 2400 marginibus
553 2354 794 2393 revolutam),
820 2352 1043 2385 adultiorein
1072 2355 1172 2384 costa
1195 2352 1426 2394 prominente
1443 2350 1667 2385 instructam,

150 2417 363 2449 inferiorem
402 2413 693 2447 teretiusculam.
755 2413 921 2443 stratum
960 2409 1223 2442 intermedium
1264 2408 1384 2452 (quod
1425 2405 1599 2440 corticale
1634 2408 1667 2436 et

148 2476 349 2513 internum,
383 2471 529 2505 cellulis
562 2471 706 2513 magnis
737 2469 951 2501 uniseriatis
986 2469 1243 2507 constitutum,
1278 2467 1443 2510 separat)
1471 2463 1665 2497 admodum

149 2532 352 2570 evolutum,
391 2530 487 2563 unde
520 2532 555 2562 et
582 2531 683 2562 costa.
720 2529 946 2567 (immersa),
984 2528 1020 2558 in
1051 2527 1242 2569 superiore
1269 2528 1373 2568 parte
1400 2524 1534 2566 plantae
1561 2521 1666 2555 obso-

148 2592 232 2631 leta,
265 2594 302 2622 et
328 2601 428 2622 vena¹
457 2588 727 2621 translucentes
755 2586 831 2618 sere
858 2585 968 2617 nulla*
997 2585 1189 2628 adparent.
1247 2582 1425 2617 Stichidia
1450 2583 1486 2614 111
1516 2584 1665 2623 utraque

148 2650 283 2693 pagina
315 2651 351 2680 et
389 2649 524 2691 saepius
558 2648 595 2679 in
630 2647 731 2678 venis
757 2644 802 2677 ad
830 2645 961 2687 pinnas
990 2642 1275 2675 excurrentibus
1302 2640 1548 2678 obvenientia,
1574 2647 1666 2671 nunc

147 2709 245 2740 inte-r
277 2708 408 2750 pinnas
441 2705 654 2749 praesentia,
688 2704 789 2737 zonis
824 2702 957 2734 10—15
996 2701 1186 2734 sterilibus
1223 2699 1445 2743 plerumque
1484 2699 1665 2740 separata,

148 2764 449 2798 transversaliter
483 2764 619 2796 seriata
653 2772 778 2806 pauca,
811 2770 906 2803 saepe
932 2760 1030 2792 intra
1056 2762 1255 2801 utrumque
1283 2758 1487 2799 marginem
1514 2754 1665 2798 singula,

150 2834 246 2856 nunc
274 2825 383 2856 costae
410 2822 680 2865 adproximata,
717 2820 869 2859 minuta,
895 2817 1067 2860 oblonga,
1095 2816 1337 2849 teretiuscula
1362 2816 1525 2853 incurva,
1551 2812 1665 2855 sphae-

149 2891 324 2925 rosporas
353 2880 494 2924 duplici
521 2880 615 2912 serie
644 2878 842 2922 dispositas
865 2877 1038 2908 foventia.
