1728 3110
69 132 234 187 Dasya.
677 126 960 168 RnououssLEAE.
1457 122 1578 165 102219

70 270 141 303 pue
168 259 394 302 conglobat-i.
443 257 620 292 Stichidia
646 256 783 289 adsunt
820 257 856 288 in
889 256 1044 289 ramulis
1071 267 1196 300 pauca,
1222 255 1364 288 sessilia
1389 256 1451 287 aut
1476 254 1581 286 brevi

70 318 252 362 pedicello
280 318 438 356 suffulta,
471 317 621 359 juniora
659 316 794 354 conica,
833 315 1042 349 (adultiora
1079 317 1157 348 sine
1195 314 1310 347 dnbio
1349 313 1521 355 elongata
1547 314 1582 343 et

70 377 251 410 diametro
289 376 462 419 multiplo
489 375 684 417 longiora),
723 372 862 415 duplici
900 373 1030 405 saltem
1057 374 1149 405 serie
1176 371 1452 416 sphaerosporas
1477 380 1582 403 mon-

74 436 241 468 strantia.
292 435 461 468 Sectione
500 431 737 466 transversali
763 431 856 462 rami
883 430 1058 473 siphones
1084 430 1349 473 pericentrales
1375 430 1394 462 5
1421 429 1583 468 latioreS,

71 494 236 527 corticali
262 498 378 527 strato
411 496 560 532 cinctos,
591 490 682 523 vidi.
730 488 843 522 Color
876 493 1011 522 nostrae
1044 491 1246 522 coccineus.
1283 488 1496 521 Substantia
1521 496 1583 529 ge-

70 552 230 585 latinosa
256 553 414 585 videtur.

161 612 306 655 Species
333 623 352 644 a
379 622 435 643 me
461 621 534 643 non
568 610 661 642 bene
692 607 895 640 intellecta.
945 607 1150 648 Specimine
1176 616 1197 638 a
1222 606 1393 648 Harveyo
1419 607 1498 649 ipso
1524 615 1583 636 ac-

71 672 187 713 cepto,
224 671 464 703 adnotatione
489 670 633 701 iconem
659 668 696 699 in
722 666 807 699 Ner.
834 665 1002 698 Australi
1033 665 1077 697 ad
1112 666 1297 707 specimen
1323 665 1583 707 imperfectum

71 739 150 761 esse
176 732 364 761 exaratam
391 729 581 770 inscripto,
608 728 644 758 in
671 726 791 769 specie
818 724 1059 757 describenda.
1084 734 1173 757 usus
1200 734 1299 767 sum',
1334 726 1412 756 tum
1439 724 1584 755 iconem

70 788 187 830 ipsam
225 786 406 820 consului.
455 786 601 826 Harvey
636 794 758 817 ramos
791 781 1041 815 subdistichos
1074 782 1173 821 dicit,
1210 781 1310 826 quod
1345 782 1407 813 vix
1433 791 1478 813 ex
1504 790 1585 823 spe-

71 846 205 878 cimine
240 855 320 878 meo
347 844 546 877 crederem.
584 843 761 876 Nostrum
789 845 843 873 est
869 840 988 873 multo
1017 840 1140 881 majus,
1166 841 1278 872 ramis
1305 839 1447 872 inferne
1474 839 1584 881 longe

71 905 198 945 nudis,
236 905 379 937 ultimis
415 903 642 945 articulatis-7
687 902 832 944 Harvey
872 900 916 932 de
956 901 1068 932 ramis
1106 899 1312 931 articulatis
1350 908 1423 930 uon
1463 897 1585 941 loqui-

73 968 142 1005 tur,
180 964 266 996 licet
304 963 486 1006 specimen
525 961 751 994 delineatum
791 962 846 991 est
883 962 1011 991 nostro
1051 958 1244 990 evidenter
1276 957 1425 999 junius·7
1463 967 1586 988 ramu—

72 1023 128 1056 los
154 1024 324 1066 patenter
349 1020 585 1053 dichotomos
612 1019 712 1058 dicit,
749 1018 849 1062 quod
877 1028 922 1049 ex
949 1021 1078 1049 nostro
1106 1017 1305 1059 specimine
1332 1016 1485 1048 nimium
1512 1014 1586 1046 col-

71 1083 176 1126 lapso
213 1092 309 1125 aegre
342 1080 548 1123 judicatur3
588 1091 669 1112 cum
703 1080 746 1112 D.
772 1077 970 1111 arbuscula
1007 1077 1167 1119 (lenique
1205 1076 1446 1119 comparavit,
1483 1074 1585 1118 plan-

72 1145 144 1174 tam
173 1142 289 1184 magis
315 1139 503 1173 ssaccidam
530 1141 566 1171 et
591 1138 833 1181 gelatinosam
872 1136 1017 1179 dicens3
1055 1136 1240 1179 specimen
1274 1138 1443 1167 nostrum
1470 1133 1587 1166 inulta

71 1200 182 1233 habet
207 1201 247 1233 D.
279 1198 550 1241 corymbiferae.

72 1292 137 1331 38.
182 1293 228 1331 D.
261 1304 540 1331 CORYMBIFERA
571 1290 622 1339 (J.
652 1288 726 1337 Ay.
759 1287 884 1335 symb.
907 1299 950 1334 p.
984 1285 1058 1334 31)
1089 1284 1349 1323 teretiuscula
1373 1296 1475 1334 vage
1498 1283 1586 1335 pin-

181 1360 304 1398 natim
335 1371 495 1398 ramosa
525 1368 697 1408 superne
729 1354 951 1398 articulata,
990 1352 1104 1390 caule
1135 1352 1337 1402 ramisque
1369 1351 1586 1403 majoribus

185 1426 344 1465 inferne
375 1423 623 1464 nudiusculis
654 1422 769 1474 apice
801 1425 841 1459 et
869 1420 1032 1472 longius
1050 1420 1238 1458 deorsum
1257 1418 1586 1470 subpenicillato-

182 1493 409 1539 ramulosis,
453 1491 618 1529 ramulis
662 1489 711 1528 ad
752 1488 983 1541 geniculum
1027 1487 1216 1537 quodque
1260 1497 1586 1536 quoquoversum

184 1559 428 1599 exeuntibus
479 1571 501 1596 a
532 1557 617 1597 basi
665 1554 986 1607 monosiphoniis
1025 1553 1300 1591 crassiusculis
1336 1565 1474 1590 versus
1504 1552 1587 1603 api-

183 1641 249 1667 ces
279 1626 536 1666 tenuissimos
566 1623 803 1675 longissime
834 1621 1049 1661 attenuatis
1080 1621 1285 1671 denseque
1309 1621 1590 1672 sub-patenter

184 1694 426 1736 dichotomis
453 1691 733 1731 strictiusculis
763 1691 923 1729 demum
956 1688 1247 1734 stichidiiferis9
1274 1686 1472 1726 stichidiis
1503 1686 1587 1724 lan-

184 1762 338 1802 coideis
369 1759 667 1805 subsessilibus‚
698 1756 935 1796 keramidiis
966 1756 1174 1795 sessilibus
1206 1754 1561 1807 elongato—ovans·

166 1843 288 1884 Dasya
314 1840 560 1883 corymbifera
589 1836 622 1871 J.
650 1837 717 1879 Ay.
745 1835 766 1869 l.
793 1844 821 1868 c.
846 1835 885 1868 in
909 1834 1065 1868 Limzcea
1096 1833 1180 1868 XV.
1202 1843 1240 1876 p.
1268 1834 1322 1867 31.

167 1901 430 1944 Eupogonium
457 1897 749 1940 corymbiferum
776 1893 888 1928 Kritz.
914 1892 979 1936 Sp.
1003 1903 1039 1936 p.
1067 1894 1148 1927 799!

168 1958 378 1992 Cei-amium
416 1955 599 1989 Boucheri
638 1965 714 1987 var.
752 1954 1063 1996 mucilaginosum
1105 1950 1250 1985 Gronau
1285 1949 1384 1983 Amz.
1417 1948 1474 1982 Sc.
1499 1947 1588 1982 Nat.

74 2017 176 2050 1835.

168 2076 289 2118 Dasya
315 2074 514 2108 arbuscula
542 2084 616 2106 var.
644 2072 956 2115 mucilaginosum
991 2068 1139 2103 Co-ouarn
1166 2066 1246 2110 Azy.
1274 2065 1398 2100 Finist
1420 2074 1479 2098 wso
1505 2064 1589 2097 286!

77 2134 191 2173 (excl.
220 2136 319 2175 syn.)

167 2192 182 2223 ‘?
208 2192 330 2232 Dasya
355 2192 509 2222 venusta
534 2187 653 2221 Harzae.
679 2186 828 2230 Phyeol.
855 2185 951 2219 Brit.
979 2184 1051 2219 tab.
1080 2181 1275 2217 CCXXV!

168 2251 311 2283 Exsicc.
337 2246 485 2281 Croucm
512 2246 533 2280 l.
558 2245 602 2280 cJ
625 2246 792 2280 Desmae.
814 2244 868 2288 pl.
894 2254 944 2278 cr.
970 2253 1029 2277 wo
1055 2243 1143 2276 1002
1171 2242 1260 2281 (fide
1288 2238 1465 2278 Gronau).

186 2319 289 2358 Hah.
319 2318 359 2356 in
398 2329 551 2356 oceano
589 2316 780 2355 atlantico
818 2316 868 2354 ab
907 2314 988 2352 oris
1026 2311 1176 2350 Afrieae
1215 2307 1433 2361 superioris
1464 2319 1589 2357 usque

78 2386 128 2425 ad
157 2384 379 2423 Britanniae
410 2383 561 2421 insulas
592 2382 902 2431 meridionales3
933 2380 973 2417 in
1005 2377 1105 2416 mari
1137 2375 1332 2415 adriatico
1364 2374 1412 2412 ad
1457 2373 1587 2412 Lessi-

78 2466 170 2492 nam
201 2452 382 2500 (Titius).

168 2532 286 2565 Frons
314 2530 461 2562 circiter
487 2529 506 2561 3
534 2528 720 2572 pollicaris
748 2526 904 2571 pulchre
932 2525 1110 2562 coccinea,
1137 2523 1253 2565 magis
1280 2532 1391 2566 quam
1409 2522 1588 2564 proxima·

79 2589 286 2633 gelatinosa
312 2593 348 2620 et
381 2587 514 2619 chartae
540 2589 744 2620 arctissime
771 2585 973 2623 adh‘eerens,
1002 2581 1233 2625 pyramidata
1259 2584 1294 2612 et
1320 2581 1502 2623 pinnatim
1528 2579 1590 2612 de-

81 2649 464 2691 composiizo—ramosae
502 2645 605 2677 caule
632 2646 819 2687 ramisque
846 2641 1048 2682 majoribus
1076 2640 1219 2671 inferne
1246 2637 1478 2670 nudiusculis
1504 2648 1589 2670 con-

80 2708 194 2740 tinuis
221 2709 256 2738 et
283 2705 480 2745 corticatis,
507 2703 605 2736 ultra
638 2707 754 2737 setam
792 2701 933 2740 «nassis,
971 2708 1127 2741 superne
1153 2696 1436 2739 minoribusque
1463 2695 1589 2728 subdi-

82 2767 215 2797 stincte
242 2762 449 2796 articulatis
477 2761 707 2805 ramulisque
747 2756 1061 2801 sub-penicillatis
1098 2755 1221 2787 laxius
1259 2753 1399 2793 obsitis⁷
1423 2753 1589 2786 articulis

81 2824 261 2856 diametro
288 2819 475 2863 subduplo
501 2819 748 2862 longioribus.
798 2815 945 2850 Ramuli
978 2814 1024 2847 ad
1057 2812 1269 2855 geniculum
1296 2811 1472 2855 quodque
1498 2822 1590 2856 quo-

81 2891 307 2926 quoversum
334 2880 522 2913 exeuntes,
547 2888 568 2909 a
592 2877 671 2910 basi
698 2874 981 2919 monosiphonii‚
1008 2882 1095 2905 mox
1134 2874 1169 2903 et
1206 2870 1250 2903 ad
1276 2869 1488 2912 geniculum
1515 2870 1589 2903 fere
