1728 3110
83 112 134 153 12
150 112 202 153 1ss
702 109 983 150 RHODOMELEAE.
1423 109 1583 163 Dasya.

75 242 253 275 eentrales
280 243 309 281 5,
337 242 449 275 dense
482 242 691 274 coi-tricentos.
741 239 954 273 Substantia
988 239 1102 271 caulis
1135 248 1289 272 carnosa
1322 240 1434 277 firma,
1459 239 1511 269 ita
1548 238 1590 268 ut

75 302 322 333 exsiccatione
362 300 477 333 caulis
515 300 772 343 complanatus
811 298 971 341 quidem,
1010 301 1046 329 at
1084 298 1119 329 in
1148 308 1259 340 rugas
1296 308 1424 341 parum
1452 296 1589 339 collap-

78 369 140 391 sus
169 359 430 401 conspiciatur.
480 357 592 391 Color
619 359 994 400 vinoso·purpureus,
1032 357 1067 387 in
1098 355 1278 388 senilibus
1302 357 1416 388 immo
1443 358 1589 388 atroru-

79 418 244 450 beseens.
294 418 441 460 Species
480 417 522 449 D.
560 416 721 459 eleganti
755 418 926 459 proxima
952 415 983 447 ὣ
1010 415 1154 447 nonnisi
1184 425 1265 446 euin
1295 413 1506 446 difficultate
1535 413 1590 445 di-

75 475 309 518 stinguenda.
359 475 602 508 Differentias.
642 474 777 518 quibus
816 475 955 518 species
989 472 1260 516 dignoscendas
1288 473 1425 516 putavi,
1453 471 1520 505 sub
1546 472 1589 505 D.

75 534 242 577 elegante
271 533 392 566 attuli.

74 653 138 691 35.
199 652 247 690 D.
280 664 417 691 rioms
450 651 587 700 (Ham
620 651 709 688 Ner.
740 651 830 689 Bor.
862 648 1060 697 mmm)
1094 648 1353 687 teretiuscula
1379 659 1479 699 vage
1504 647 1590 699 pin-

184 720 309 759 natim
347 732 519 766 ramosa,
557 722 639 758 tota
670 718 875 765 corticata,
907 718 1071 769 juniore
1102 717 1356 763 densissime,
1393 716 1593 755 adultiore

185 787 318 826 laxius
349 787 691 833 ramuloso-hirta,
721 785 886 824 ramulis
918 796 1242 835 quoquoversum
1275 797 1297 821 a
1327 783 1478 821 cortice
1496 794 1593 820 exe-

183 855 345 894 untibus
376 867 398 891 a
428 854 513 893 basi
539 852 866 904 monosiphoniis
890 852 1124 897 articulatis,
1150 850 1307 889 inferne
1332 849 1594 888 crassioribus

148 911 441 967 *dieliotorniffi
472 920 651 959 ramellis
690 919 906 958 admodum
951 918 1180 970 patentibus
1223 917 1340 955 valde
1379 916 1594 955 attenuatis

184 988 514 1042 simpliciusculis
531 988 718 1033 curvatis,
737 985 934 1026 stichidiis
952 986 991 1024 in
1009 985 1174 1024 ramulis
1202 984 1372 1037 singulis
1399 984 1594 1035 oblongo-

184 1056 437 1101 aeumfflatis,
469 1055 705 1094 keramidiis
735 1055 775 1093 in
807 1067 918 1093 ramo
951 1053 1190 1092 brevissimo
1209 1052 1384 1103 obliquis
1401 1050 1594 1089 rostratis.

168 1150 291 1191 Dasya
319 1148 440 1181 mollis
469 1145 587 1179 Ham.
621 1146 643 1179 l.
676 1143 719 1177 fn!
750 1145 833 1178 Ace.
866 1142 906 1185 os
933 1143 1033 1178 Mar.
1069 1142 1147 1176 Bot.
1177 1141 1218 1185 of
1245 1140 1353 1176 West.
1381 1141 1512 1174 Ans-tr.
1538 1149 1596 1173 nso

89 1208 167 1241 114!

168 1278 313 1310 Exeiee.
346 1274 464 1308 Han-v.
493 1274 624 1307 Austr.
653 1273 733 1317 Αἶα.
760 1281 819 1306 wo
844 1273 926 1305 212!

186 1359 275 1398 Hab
314 1358 354 1397 in
396 1370 550 1397 oceano
591 1357 783 1396 atlantico
821 1357 871 1394 ad
902 1356 1012 1394 littus
1052 1355 1253 1393 Americae
1283 1353 1525 1403 foederatae3
1555 1352 1595 1390 in

78 1439 230 1466 oceano
262 1426 426 1464 australi
458 1426 506 1463 ad
539 1424 646 1476 King
679 1425 860 1475 Georges
893 1422 1032 1462 Sound
1064 1422 1285 1473 (Harveyw

171 1518 381 1561 Adspectus
410 1518 483 1549 sere
510 1515 759 1556 Diulresnaja,
787 1526 917 1557 nempe
944 1513 1150 1556 gelatiuosa
1185 1511 1310 1545 mollis
1338 1521 1427 1554 vage
1454 1520 1598 1543 ramosa

84 1577 194 1608 ramis
221 1577 356 1608 curvis.
390 1576 508 1609 Frons
534 1573 623 1606 ’Σήθ
650 1574 848 1617 pellic-aris,
875 1573 1017 1605 inferne
1045 1572 1210 1604 crassitie
1244 1581 1359 1615 usque
1387 1580 1513 1613 pennae
1539 1579 1598 1602 eo-

80 1635 267 1673 lumbinzr,
307 1637 340 1667 in
370 1646 492 1668 ramos
520 1634 721 1667 nonnullos
750 1632 972 1677 principales
1005 1632 1131 1671 divisa,
1171 1641 1316 1663 sursum
1343 1630 1480 1662 sensim
1506 1632 1598 1662 atte-

79 1698 200 1734 nuata,
230 1696 347 1738 magis
376 1695 556 1738 pinuatim
584 1703 741 1733 ramosa,
769 1693 880 1724 ramis
909 1692 990 1734 plus
1019 1692 1140 1723 miuus
1167 1688 1598 1731 sillulivisis,junioribus

80 1763 174 1796 saepe
200 1753 280 1785 basi
308 1753 411 1796 quasi
440 1752 650 1791 attenuatis,
680 1752 780 1794 apice
808 1750 963 1783 obtusis.
992 1750 1084 1782 Tota
1112 1749 1238 1792 planta
1264 1748 1360 1780 hirta
1382 1750 1418 1780 et
1439 1747 1598 1790 crispula

80 1812 244 1851 ramulis,
269 1812 306 1844 in
336 1813 510 1844 inferiore
539 1813 574 1842 et
599 1810 786 1843 adultiore
814 1812 917 1853 parte
944 1808 1206 1852 sparsfflribus,
1221 1809 1256 1840 in
1280 1808 1471 1850 superiore
1494 1806 1597 1848 etju-

80 1871 181 1903 niore
215 1870 449 1903 densioribus
483 1872 517 1901 et
544 1870 660 1912 magis
699 1869 900 1911 elongatis3
938 1868 1163 1910 ubicumque
1202 1866 1426 1899 diametrum
1455 1865 1599 1898 frondis

80 1930 144 1961 vix
169 1929 416 1972 aequantibus.
466 1928 613 1961 Ramuli
653 1937 955 1971 quoquoversum
994 1929 1184 1965 exeuntes,
1210 1936 1230 1957 a
1256 1924 1495 1959 corticalibus
1527 1923 1598 1956 eel-

81 1987 170 2019 lulis
199 1987 300 2030 quasi
328 1988 405 2019 sine
445 1986 575 2019 ordine
615 1987 884 2029 provenientes,
927 1985 1183 2027 patentissimi,
1220 1984 1298 2017 basi
1332 1984 1531 2016 crassiores
1564 1984 1599 2014 et

83 2046 193 2089 paulo
224 2056 335 2089 supra
360 2046 486 2078 basem
516 2047 549 2077 iu
580 2045 754 2078 ramellos
792 2043 994 2076 nonnullos
1033 2044 1268 2085 angustiores
1295 2042 1488 2085 elongatos
1515 2051 1597 2073 cur·-

86 2115 151 2138 vos
179 2104 365 2148 simplices
391 2104 602 2136 dichotome
630 2103 751 2145 divisi⁷
780 2102 1001 2144 ubicumque
1042 2101 1315 2143 nionosiphonii
1344 2102 1379 2132 et
1404 2099 1599 2139 articulati,

80 2162 249 2196 articulis
275 2164 310 2194 in
340 2165 443 2205 parte
471 2162 646 2194 inferiore
674 2164 710 2193 et
736 2161 898 2193 firmiore
928 2160 1109 2193 diametro
1136 2158 1374 2192 brevioribus
1389 2161 1452 2191 aut
1468 2169 1598 2201 parum

83 2222 327 2265 longioribus,
364 2222 401 2253 in
437 2220 591 2253 ramello
618 2220 836 2262 angustiore
863 2218 1112 2262 duplo-triplo
1139 2217 1384 2261 longioribus
1422 2216 1599 2250 Stichidia

82 2284 118 2321 (a
144 2291 299 2314 menon
331 2281 416 2318 visa,
455 2289 524 2311 see.
557 2279 704 2320 Harvey
744 2279 848 2317 sunt)
885 2287 997 2320 prope
1036 2278 1160 2310 basem
1195 2276 1425 2309 ramulorum
1452 2275 1598 2308 subses-

84 2340 166 2373 silia
193 2340 349 2383 singula,
389 2339 792 2382 oblongo-acuminata,
828 2339 1051 2378 acutissima,
1087 2337 1225 2380 triplici
1250 2338 1343 2369 serie
1369 2336 1597 2379 spheerospo-

84 2409 141 2431 ras
181 2398 406 2441 generantia.
455 2397 670 2429 Keramidia
695 2397 731 2429 in
761 2396 885 2439 planta
922 2396 1109 2429 ramulosa
1146 2395 1411 2439 provenientia,
1449 2396 1535 2427 sunt
1560 2395 1597 2426 in

82 2458 247 2490 breviori
273 2467 376 2489 ramo
403 2456 556 2499 oblique
594 2455 745 2494 sessilia,
783 2455 1114 2496 ovato-urceolam,
1154 2455 1250 2487 ostio
1278 2454 1391 2496 longe
1416 2453 1598 2496 producto

84 2518 252 2555 rostrata,
281 2515 434 2548 ramulis
459 2516 551 2547 rami
588 2514 787 2547 bracteata.
837 2514 1004 2546 Sectione
1044 2512 1283 2546 transversali
1322 2512 1397 2544 vidi
1424 2511 1597 2555 siphones

84 2573 347 2618 pericentrales
373 2574 403 2613 5,
440 2572 691 2605 exterioribus
728 2571 998 2604 alternantibus
1033 2574 1068 2603 et
1093 2574 1211 2604 strato
1247 2570 1413 2603 eortieali
1439 2571 1596 2612 cinctos3

84 2632 225 2665 cellulae
259 2631 451 2665 corticales
479 2631 731 2673 eylindraceae,
764 2631 800 2662 in
827 2629 943 2662 lineas
970 2640 1074 2662 secus
1100 2629 1371 2672 longitudinem
1399 2627 1596 2671 dispositae.

85 2691 298 2724 Substantia
322 2690 540 2733 gelatinosa.
591 2688 703 2722 Color
728 2698 869 2722 roseus.

175 2759 321 2801 Species
348 2757 497 2790 videtur
529 2757 623 2790 bene
656 2760 691 2789 et
717 2757 858 2789 facilius
895 2756 1080 2789 distincta.
1131 2755 1240 2789 Modo
1267 2755 1309 2788 D.
1335 2755 1513 2798 elegantis
1543 2756 1597 2786 est

87 2818 164 2848 tota
189 2816 290 2849 frons
317 2815 472 2848 ramulis
500 2817 684 2858 cooperta,
708 2815 845 2848 ramuli
872 2824 960 2847 vero
987 2813 1086 2846 haud
1113 2813 1324 2857 penicillati‚
1351 2814 1415 2846 sed
1441 2812 1595 2855 rigidiu-

87 2873 177 2906 sculi
203 2872 233 2905 ὁὶ
261 2875 413 2914 curvati,
441 2874 537 2906 unde
569 2874 781 2917 superficies
813 2872 910 2905 hirta
935 2870 966 2904 St,
993 2873 1112 2915 crispa
1136 2871 1308 2915 adparetx,
1346 2871 1478 2904 ramuli
1503 2882 1594 2916 pree-
