1728 3110
42 105 289 152 Laureneia.
692 105 919 149 Caesarum.
1464 109 1488 147 7
1498 107 1551 147 41

151 240 317 279 Frondes
348 239 644 278 membranaceae
676 242 738 276 aut
768 250 947 289 carnosae,
981 242 1154 277 recentes
1185 241 1265 289 plus
1296 240 1420 278 minus
1449 240 1557 286 gela-

42 311 172 348 tinosze
212 313 248 345 et
286 308 475 346 exsiccatae
514 307 774 356 cartilagineae,
813 318 1099 344 carneo-roseae
1138 311 1200 345 aut
1230 311 1558 357 purpurascentes,

42 389 139 426 sa¹pe
178 377 402 414 lutescentes
439 378 501 411 aut
537 374 713 423 virentes,
753 374 909 410 omnino
955 377 1093 411 teretes
1137 378 1199 411 aut
1244 386 1470 423 compressae
1502 374 1558 410 vel

42 446 159 482 immo
197 443 398 481 admodum
438 443 694 490 eomplanatae,
736 441 917 489 pinnatim
964 441 1429 491 decomposito-ramosm,
1459 452 1558 478 nunc

42 513 349 560 subdicliotomoe,
381 510 491 548 ramis
523 509 687 546 distichis
718 512 780 545 aut
811 519 1117 556 quoquoversum
1150 509 1445 558 egredientibus,
1476 510 1559 557 plus

41 583 164 619 minus
208 578 429 627 regulariter
471 577 624 614 alternis
669 575 851 624 oppositis
894 579 957 611 aut
1001 576 1240 625 verticillatis,
1285 580 1359 626 aut,
1402 576 1559 613 diversis

45 647 239 686 ordinibus
269 645 404 692 mixtis,
438 645 517 681 sere
550 644 658 691 vagis
733 643 861 680 {amuli
894 643 1040 680 steriles
1074 644 1296 691 plerumque
1323 643 1558 692 clavati,basi

44 727 181 764 nempe
218 712 421 761 constricti,
460 713 566 760 apice
606 714 667 747 aut
697 722 844 747 sursum
876 711 1035 759 dilatati,
1069 711 1211 747 fertiles
1242 712 1558 761 autssconsormcs

43 787 105 820 aut
156 782 371 818 evolutione
423 780 664 816 ramellorum
719 782 1006 826 aggregatorum
1060 789 1158 827 saepe
1212 778 1558 815 veri-ucmformium

44 849 271 887 tuberculosi
315 851 377 885 aut
421 847 644 894 botryoidei.
717 846 924 883 lx'eramidia
964 858 980 882 a
1016 847 1160 882 ramulo
1204 846 1480 890 transformata,
1523 845 1560 880 in

43 917 199 954 diversis
228 915 426 965 speciebus
457 927 581 963 sparsa
615 915 786 963 opposita
818 918 879 950 aut
911 917 1355 962 verrucoso-aggregata,
1383 913 1561 962 sphaerica

42 988 104 1022 aut
141 995 207 1021 ore
247 984 430 1033 producto
471 984 811 1020 urceolato-ovata.
878 983 1153 1030 Spbserosporae
1197 992 1297 1018 nunc
1337 980 1371 1017 iu
1414 981 1559 1017 ramulo

43 1052 197 1101 clavato,
228 1062 328 1088 uunc
359 1052 395 1089 in
428 1051 593 1089 verrucis
627 1051 959 1088 transformatione
992 1051 1234 1086 ramellorum
1268 1050 1358 1086 ortis
1391 1049 1560 1095 evolutze,

42 1120 137 1158 infra
169 1120 313 1168 apicem
345 1123 572 1168 occupantes
603 1130 734 1155 zonam
767 1130 836 1167 pro
869 1120 987 1155 torma
1018 1119 1149 1155 ramuli
1183 1119 1263 1166 plus
1295 1118 1417 1153 minus
1443 1125 1560 1162 regu-

42 1187 169 1224 lariter
209 1189 495 1224 transversateu1
537 1190 585 1237 et,
628 1187 863 1224 increscente
897 1187 1053 1235 ramul0,
1095 1185 1139 1222 ab
1178 1186 1283 1234 apice
1316 1185 1453 1222 sensim
1487 1184 1560 1221 ali-

43 1255 262 1304 quantulum
292 1259 515 1304 separatam,

152 1360 310 1394 Stratum
345 1356 501 1393 interius
534 1356 678 1394 frondis
710 1358 853 1392 constat
884 1355 1027 1392 cellulis
1059 1355 1439 1403 elongato-oblongis
1468 1352 1562 1390 sub-

43 1425 485 1476 prismatico-angulatis,
526 1424 700 1461 omnibus
739 1423 1083 1472 subconlormibus,
1123 1428 1185 1460 aut
1216 1422 1460 1460 interioribus
1492 1432 1562 1468 pa-

45 1505 127 1531 rum
159 1491 401 1530 dissimilibus
432 1491 679 1540 longioribus,
708 1490 876 1539 apicibus
907 1491 1106 1527 attenuatis
1138 1502 1215 1528 non
1242 1491 1277 1527 in
1296 1489 1430 1526 eodem
1450 1489 1561 1537 plano

44 1560 313 1598 desinentibus.
379 1560 526 1596 Cellulse
567 1559 763 1595 corticales
803 1558 880 1594 sere
920 1558 1026 1594 unica
1059 1557 1158 1594 serie
1190 1557 1392 1606 dispositae,
1426 1559 1562 1592 rotun-

43 1630 368 1677 dato-polygonae.
450 1625 705 1673 Pericarpium
752 1625 941 1662 exteriore
988 1628 1024 1661 et
1070 1629 1174 1673 parte
1222 1625 1414 1661 interioris
1460 1623 1563 1660 strati

44 1700 272 1744 contextum,
317 1694 459 1731 cellulis
493 1694 631 1730 intimis
662 1693 1249 1742 angulato-aimstomosantibns,
1281 1693 1386 1741 apice
1418 1691 1563 1728 cellulis

45 1764 192 1802 radiatis
224 1764 438 1811 formatum,
470 1774 550 1810 qaue
581 1762 747 1809 denique
779 1761 990 1798 dissitiores
1022 1762 1189 1798 canalem
1222 1762 1391 1810 pervium
1423 1770 1563 1808 carpo-

44 1833 180 1870 stomio
221 1831 462 1868 terminatum
508 1830 684 1867 et'iieiunt.
756 1830 925 1867 Placenta
969 1829 1115 1877 basalis,
1161 1829 1292 1866 cellula
1338 1833 1376 1865 ut
1418 1828 1565 1865 videtur

43 1901 188 1948 singula
228 1899 361 1946 majori
403 1898 561 1935 eborata
601 1897 816 1948 constituta,
861 1898 916 1935 sila
965 1898 1254 1947 gemniidiil'era,
1287 1897 1362 1934 basi
1402 1896 1563 1932 decom-

45 1969 354 2017 posito-ramosa,
393 1977 558 2014 superne
597 1966 778 2014 simplIcia
811 1967 960 2013 clavata,
996 1977 1143 2002 sursum
1183 1970 1217 2002 et
1255 1975 1563 2013 quoquoversum

46 2034 225 2072 radiantia
264 2035 450 2071 emittens.
518 2034 725 2070 Geminidia
766 2034 800 2071 in
839 2034 996 2070 articulo
1035 2033 1221 2070 terminali
1265 2034 1374 2072 fertili
1406 2034 1566 2081 singula,

46 2101 471 2151 obovaio-pyrisormia,
504 2101 755 2149 peridermate
787 2102 934 2147 hyalino
967 2102 1154 2139 conformi
1187 2102 1319 2138 cincta.
1352 2101 1563 2140 Antlieridia

47 2168 141 2205 intra
180 2169 461 2216 receptaculum
504 2168 749 2220 seminaliter
793 2172 1064 2218 constructum,
1102 2170 1207 2217 apice
1246 2170 1362 2217 magis
1393 2172 1563 2217 apertum

46 2236 198 2272 demum
230 2234 479 2284 scutellatum,
510 2247 528 2272 a
561 2237 677 2273 sumto
708 2237 972 2274 adscenilentia
1005 2238 1177 2286 plurima,
1208 2237 1367 2284 globulis
1394 2236 1566 2285 plurimis

45 2303 306 2340 minutissimis
339 2304 594 2351 pyramidatim
628 2305 724 2342 circa
750 2305 957 2352 stipitulum
977 2306 1165 2351 congestis
1184 2305 1403 2342 constantia.
1436 2305 1565 2351 Spbse-

47 2382 213 2419 rosporae
255 2371 290 2407 in
332 2371 476 2407 cellulis
515 2372 881 2409 intra-corticalibus
920 2373 1100 2421 sormam,
1133 2373 1235 2410 nullo
1269 2372 1404 2410 ordine
1437 2375 1475 2407 ut
1506 2371 1565 2406 ri-

46 2438 157 2475 detur
186 2437 389 2486 dispositae,
420 2439 618 2490 spbaericae,
650 2440 835 2486 triangule
868 2440 1003 2478 diriste.

158 2543 292 2578 Praeter
322 2538 549 2577 differentias
576 2541 653 2587 jam
684 2553 794 2590 supra
827 2542 1007 2580 indicatas
1039 2543 1117 2579 auae
1149 2554 1301 2590 quoque
1332 2542 1476 2582 adsunt,
1516 2544 1565 2579 lta

47 2609 192 2657 species
224 2608 260 2644 in
291 2618 337 2645 eo
369 2608 582 2657 discrepant
613 2614 651 2646 ut
681 2610 759 2647 alise
783 2623 801 2647 a
821 2610 945 2647 radice
977 2612 1169 2658 scutulata,
1202 2611 1280 2647 ³11ae
1313 2622 1357 2646 ex
1387 2609 1565 2658 adparatu

47 2678 187 2715 fibroso
219 2677 462 2726 proveniant3
495 2677 646 2715 frondes
677 2679 835 2726 caespitis
866 2682 929 2716 aut
960 2690 1093 2715 omnes
1125 2677 1338 2714 subsimiles
1371 2680 1408 2713 et
1432 2678 1566 2714 tructi-

47 2745 148 2795 serae,
178 2747 240 2782 aut
270 2744 348 2782 auae
379 2744 539 2793 sterileS,
576 2746 654 2783 aliae
685 2746 829 2783 fertiles
860 2745 1143 2793 quodammodo
1177 2744 1296 2780 forma
1328 2756 1347 2780 a
1377 2744 1566 2780 sterilibus

48 2811 214 2849 (liversae.
248 2812 415 2849 Frondes
447 2812 521 2848 istae
553 2814 699 2850 steriles
730 2817 792 2851 aut
823 2816 955 2850 erectae
988 2816 1024 2848 et
1056 2812 1214 2848 invicem
1248 2811 1385 2861 liberae,
1416 2815 1478 2848 aut
1504 2812 1566 2849 in-

49 2877 186 2915 tricatae
218 2881 254 2916 et
286 2879 364 2916 sere
405 2890 589 2927 pannosae.
657 2883 724 2918 Has
763 2880 990 2917 differentias
1024 2878 1058 2915 in
1091 2879 1338 2927 disponendis
1369 2878 1567 2927 speciebus
