1728 3110
107 117 121 158 l
136 117 159 159 2
169 119 192 160 6
203 118 225 159 3
721 121 1002 163 Rnononssiilzffl.
1317 127 1603 172 Vanvoorstia.

97 247 137 279 In
164 246 229 280 hac
257 248 389 281 ultima
426 254 512 282 sunt
549 252 670 293 apices
709 261 815 294 saepe,
852 252 895 284 ad
936 253 1087 285 modum
1127 254 1200 287 Nit.
1239 257 1413 296 uncinati,
1446 258 1606 290 incurvi.

97 305 190 338 Aliae
218 308 415 340 varietates
440 308 638 341 latitudine
664 313 728 342 aut
754 312 925 352 angustia
951 310 1231 354 phyllodiorum
1259 314 1550 356 distinguantur.

188 368 334 409 Species
360 368 395 399 in
423 367 506 400 Ner.
533 368 661 400 Austr.
688 368 756 401 sub
784 370 931 401 nomine
959 371 994 403 ὃ.
1020 370 1314 404 Delesserioides
1343 372 1528 415 descripta
1543 376 1608 413 est,

97 426 136 455 ut
162 425 239 467 ipse
266 426 418 467 agnovit
443 426 601 468 Harvey,
629 427 768 469 species
794 427 1020 465 Delesseriae.
1047 439 1157 472 quam
1186 431 1335 462 nomine
1362 431 1404 464 D.
1432 430 1622 475 corifoliae,

95 482 315 525 designavit.

94 680 314 735 CLVII.
392 682 745 735 VANVOORSTIA
785 702 905 740 Harv.
943 704 986 740 in
1022 703 1140 742 Hoolc.
1169 704 1305 742 Journ.
1340 706 1384 752 of
1409 706 1494 743 Bot.
1532 706 1607 744 Vol.

210 767 274 805 VI.
296 780 336 815 p.
376 767 465 806 144.

91 846 218 885 Frons
249 846 468 899 explanata
497 846 858 894 laciniato-lobata,
889 848 994 887 lobis
1022 849 1210 888 ecostatis
1228 849 1424 909 pinnatim
1444 852 1605 890 venosis

200 914 381 965 margine
414 928 492 954 uno
523 915 723 954 adultiore
754 916 903 953 sensim
935 916 1174 962 obliteratis,
1206 916 1333 955 altero
1364 923 1509 970 vegeto
1536 931 1606 957 ex-

200 982 335 1033 pansis
366 982 405 1020 in
439 983 628 1020 laminam
660 982 1193 1034 decomposito-laciniatam
1233 984 1506 1032 fenestratam,
1547 986 1605 1025 fo-

199 1048 307 1087 liolis
337 1049 495 1087 seriatis
525 1049 670 1088 iterum
708 1050 996 1101 decompositis
1042 1063 1133 1090 cum
1178 1052 1368 1104 proxime
1399 1053 1606 1092 inferiori-

198 1116 335 1155 oribus
365 1117 610 1155 anastomosi
642 1117 868 1166 conjunctis
901 1117 1126 1165 formatam,
1158 1120 1306 1158 areolis
1334 1120 1526 1159 fenestrae
1542 1134 1606 1160 ro·

199 1183 600 1235 tundam-angulatis.
660 1184 890 1222 Keramidessa
933 1198 1004 1237 per
1052 1186 1237 1225 frondem
1285 1200 1434 1240 sparsa,
1475 1192 1606 1234 ovata,

198 1250 300 1288 intra
332 1251 601 1303 pericarpium
628 1252 880 1298 cellule-sum,
905 1254 1176 1306 cai-postomio
1208 1259 1404 1306 apertum,
1437 1256 1605 1306 gemmi-

198 1317 263 1355 dia
300 1318 549 1369 pyrfformia,
587 1332 609 1357 a
647 1319 833 1371 placenta
878 1320 1004 1359 basali
1054 1321 1320 1372 egredientia,
1362 1323 1606 1375 pedicellata

197 1384 390 1424 foventia.
461 1387 741 1435 Splcoerospom
783 1387 823 1425 in
869 1387 1067 1426 stichidiis
1114 1389 1301 1440 utrinque
1345 1391 1501 1429 adn-atis
1539 1396 1607 1429 aut

197 1454 312 1505 apice
345 1454 484 1493 liberis
516 1454 704 1500 evolutae,
737 1454 847 1493 zonis
879 1456 1213 1495 transversalibus
1230 1457 1495 1509 superpositis
1513 1458 1599 1509 plu-

195 1521 404 1569 riseriatae,
434 1522 636 1572 triangula
666 1521 820 1560 divisae.

195 1601 377 1641 Frondes
409 1601 568 1639 laminis
613 1601 838 1640 consistunt
882 1602 1123 1654 explanatis,
1169 1604 1411 1643 imbricatim
1445 1606 1484 1643 in
1516 1619 1600 1645 mo-

86 1668 179 1706 dum
211 1669 398 1707 Lichenis
430 1668 592 1707 foliacei
625 1669 902 1720 superpositis,
935 1670 1270 1710 decumbentibus
1302 1676 1342 1710 et
1359 1686 1436 1711 una
1453 1674 1601 1725 pagina

86 1735 373 1782 radicantibus‚
416 1735 598 1787 margine
645 1750 723 1774 uno
771 1742 915 1788 vegeto
960 1738 1234 1778 adscendente
1281 1739 1433 1787 liberis,
1472 1742 1599 1780 altero

85 1803 286 1841 adultiore
317 1803 465 1841 sensim
497 1803 645 1841 adnato
676 1803 988 1851 (inferioribus),
1019 1805 1263 1857 demumque
1294 1808 1411 1846 senili
1437 1812 1477 1847 et
1498 1809 1599 1848 obli-

85 1874 227 1915 terato,
259 1869 448 1920 obliquis,
480 1869 573 1908 hinc
603 1870 716 1919 quasi
748 1870 992 1909 abbreviatis
1023 1873 1256 1919 recurvatis,
1302 1874 1416 1912 illinc
1447 1887 1599 1927 expan-

85 1936 139 1974 sis
169 1937 312 1975 iterum
345 1937 572 1987 iterumque
604 1937 976 1984 laciniam-Iobatis,
1017 1938 1111 1978 totis
1142 1939 1384 1987 fenestratis,
1416 1946 1456 1980 et
1485 1942 1596 1992 quasi

85 2003 199 2041 venis
237 2003 474 2053 venulisque
520 2003 841 2055 persistentibuS,
885 2006 1198 2057 pai-enchymate
1230 2008 1441 2058 interjecto
1473 2010 1598 2055 nullo,

86 2069 279 2109 formatis.
338 2069 467 2108 Venae
498 2083 725 2110 numerosae
755 2076 795 2109 et
825 2084 965 2110 omnes
995 2073 1228 2112 consimiles
1248 2075 1599 2127 longitudinaliter

85 2141 125 2175 et
154 2137 467 2176 subflabellatim
498 2150 571 2189 per
602 2138 785 2176 frondem
818 2145 1094 2187 excurrentes,
1127 2140 1216 2193 plus
1248 2142 1378 2180 minus
1409 2148 1596 2189 arcuatae,

84 2216 107 2241 a
138 2203 328 2255 primaria
357 2204 543 2254 quadam,
574 2204 678 2242 inter
708 2205 854 2242 multas
892 2207 1125 2245 consimiles
1157 2220 1246 2258 quae
1277 2209 1458 2259 ejusdem
1489 2210 1596 2249 ordi-

84 2271 146 2309 nis
176 2271 337 2309 fuerunt
367 2284 458 2317 una,
489 2271 686 2323 pinnatim
718 2275 758 2309 et
787 2273 1036 2311 secundatim
1070 2275 1338 2326 egredientes,
1363 2289 1510 2315 novam
1535 2289 1595 2315 se-

83 2337 183 2375 riem
215 2350 287 2376 suo
319 2337 460 2376 ordine
491 2338 738 2376 subdivisam
769 2337 868 2390 ipsae
912 2346 1176 2390 generaturae.
1238 2341 1409 2381 Venulae
1441 2356 1462 2380 a
1492 2356 1595 2382 vena

84 2403 334 2442 secundatim
380 2404 635 2455 egredientes
681 2409 721 2443 et
764 2417 853 2443 cum
898 2418 998 2444 vena
1044 2408 1231 2459 proxime
1276 2410 1469 2449 inferiore
1499 2423 1594 2450 con-

77 2471 230 2520 junctae
274 2471 500 2510 trabeculas
545 2473 836 2511 transversales
880 2473 1034 2512 frondis
1065 2475 1295 2515 fenestratae
1333 2477 1592 2516 constituunt.

84 2536 258 2584 Areolae,
291 2538 405 2576 venis
436 2538 675 2589 venulisque
723 2539 994 2587 circumdatae,
1040 2546 1213 2594 pertusae
1258 2548 1350 2582 sunt
1393 2545 1593 2596 angulatae

83 2608 151 2642 aut
182 2604 421 2651 rotundatae,
454 2605 637 2644 ordinem
669 2619 776 2658 aegre
798 2607 1099 2660 percipiendam
1128 2613 1168 2648 et
1186 2610 1493 2650 describendam
1513 2624 1593 2650 ser-

84 2675 236 2710 vantes.

193 2739 333 2787 Qualis
363 2739 473 2778 frons
503 2740 720 2779 fenestrata
750 2741 826 2780 hoc
856 2741 975 2781 modo
1015 2743 1194 2795 adparet,
1239 2744 1330 2782 talis
1359 2748 1444 2783 tota
1473 2745 1590 2784 folio-

83 2804 131 2842 lis
162 2804 326 2843 minutis
357 2805 406 2844 ab
438 2805 595 2857 origine
625 2806 778 2854 liberis,
818 2821 914 2848 mox
953 2810 1198 2849 anastomosi
1242 2811 1479 2861 conjunctis,
1525 2824 1589 2849 ve-

84 2883 154 2908 nas
185 2871 431 2921 venulasque
456 2872 722 2913 formantibus
738 2875 1005 2927 componitur.
1036 2875 1237 2915 Foliolum
1254 2877 1441 2916 nimirum
1459 2878 1587 2916 maxi-
