1728 3110
96 102 342 156 Rytzfflclcea.
707 96 986 138 Runuomrer.
1488 94 1501 134 l
1516 95 1540 133 0
1551 95 1573 133 8
1583 96 1605 136 5

93 227 173 265 lum
213 226 444 265 distinctum
484 226 666 265 ordinem
707 225 971 264 servantibus.
1038 226 1177 265 Pinnae
1215 226 1476 278 pinnulaeque
1516 237 1610 263 con-

94 295 254 338 formes,
300 298 339 331 at
384 293 576 339 minores,
622 292 767 344 saepius
799 292 967 337 obtusae,
1014 305 1118 330 nunc
1162 293 1370 331 subulatae.
1442 292 1611 330 Fructus

94 360 131 398 in
164 359 343 411 pinnulis
376 364 444 398 aut
472 359 639 397 ramulis
670 358 901 397 novissimis
933 359 1104 397 evoluti:
1139 360 1374 398 Keramidia
1405 372 1427 396 a
1457 358 1612 396 ramulo

93 426 387 472 transformata,
426 432 538 478 parte
569 426 696 464 sterili
729 425 985 477 pedicellata,
1020 426 1266 477 subglobosa
1297 430 1365 463 aut
1395 425 1613 470 urceolata,

93 494 196 532 intra
233 494 502 545 pericarpium
542 493 796 538 cellulosum,
841 493 1112 543 cai-postomio
1147 493 1301 531 minuto
1334 504 1439 530 nunc
1470 492 1615 530 leviter

94 561 288 613 producto
327 566 523 612 apertum,
562 560 749 598 nucleum
790 559 990 607 foventia;
1038 560 1206 597 nucleus
1238 563 1396 598 constat
1425 559 1503 596 tilis
1534 559 1613 596 cla-

94 628 451 674 vato-articulatis,
497 641 518 665 a
562 628 748 679 placenta
792 627 916 665 basuli
966 627 1237 672 radiantibus,
1282 626 1385 664 intra
1423 625 1615 664 articulos

94 694 325 733 terminales
379 694 551 744 majores
603 693 825 745 gemmidia
878 692 1315 745 obovato-pyrisormia
1370 691 1614 730 foventibus.

96 761 292 800 Sticliidia
337 761 502 799 ramulis
547 761 719 800 novellis
763 765 805 798 et
841 760 1006 798 minutis
1037 760 1224 805 formata,
1256 773 1278 797 a
1309 759 1514 798 sterilibus
1548 759 1616 796 vix

94 831 226 880 quoad
258 830 428 869 formam
462 830 635 881 diversa,
669 829 895 874 lancohlea,
927 829 1131 880 duplicem
1163 828 1309 866 seriem
1344 826 1617 878 longit-udina-

94 898 172 935 lem
221 898 589 949 sphaerosporarum
638 910 656 933 ει
705 886 838 942 facie,
874 896 1099 948 simplicem
1147 896 1197 934 ab
1244 895 1330 933 acie
1378 895 1465 941 (ubi
1509 907 1617 933 com-

95 973 249 1017 pressa)
282 964 559 1010 monstrantia,
592 964 695 1002 intra
726 963 918 1002 articulos
945 976 1091 1015 nempe
1115 963 1296 1015 singulos
1315 963 1617 1014 sphaerosporas

95 1033 224 1078 binas,
256 1045 344 1071 raro
377 1032 534 1083 plures,
572 1031 776 1077 foventia2
821 1032 1113 1083 sphaerosporae
1155 1030 1193 1068 in
1238 1029 1396 1068 cellulis
1435 1028 1618 1081 pericen-

98 1100 263 1138 tralibus
295 1100 482 1145 evolutae,
513 1098 714 1149 triangule
745 1086 899 1137 divisaess

205 1166 308 1206 Tota
346 1166 457 1204 frons
495 1166 631 1217 spui-ie
670 1165 902 1213 articulatam
943 1166 1102 1204 cellulae
1145 1178 1291 1217 nempe
1329 1169 1397 1203 aut
1427 1164 1620 1216 siphones

97 1233 386 1285 pericentrales
417 1232 537 1277 sle—8,
581 1233 729 1284 saepius
761 1233 867 1270 circa
899 1233 1119 1271 centralem
1152 1233 1189 1277 5,
1222 1244 1337 1283 aeque
1370 1232 1516 1282 longae,
1552 1243 1621 1268 ex-

97 1301 313 1340 terioribus
351 1304 391 1338 et
429 1299 688 1338 corticalibus
727 1300 916 1349 majores,
962 1312 1033 1351 per
1078 1299 1271 1338 corticaIe
1316 1302 1483 1337 stratum
1529 1298 1620 1336 sub-

98 1369 404 1413 translucentes,
451 1372 489 1405 et
535 1367 573 1405 in
621 1366 826 1404 exsiccata
874 1367 1145 1412 collabentes,
1191 1366 1391 1418 geniculis
1438 1366 1620 1411 elevatis,

99 1435 282 1474 frondem
330 1436 443 1486 quasi
491 1436 602 1475 zonis
646 1435 885 1473 transversis
930 1435 1101 1473 divisam
1160 1434 1369 1472 exhibent.
1444 1432 1620 1471 Stratum

99 1502 291 1541 cortic-ale
333 1504 491 1542 cellulis
530 1504 655 1543 multo
695 1503 920 1543 minoribus
959 1507 999 1541 et
1037 1502 1237 1553 angulatis
1278 1504 1530 1546 contextum,
1561 1513 1622 1538 ar-

100 1570 245 1609 ticulos
277 1571 521 1622 ubicumque
553 1571 730 1610 obducit.

210 1639 347 1677 Genus
389 1639 645 1690 Rytiphlaeae,
683 1638 921 1688 jamdudum
954 1636 1220 1688 propositum,
1253 1635 1555 1686 Polysiphoniae
1586 1640 1626 1672 et

102 1707 367 1746 Rhodomelae
413 1706 659 1758 proximum,
704 1718 836 1755 neque
881 1704 1202 1748 characteribus,
1248 1714 1379 1752 neque
1427 1701 1624 1740 limitibus¹

102 1774 295 1825 legitimis
334 1774 383 1812 ab
422 1773 482 1811 his
522 1773 648 1824 probe
686 1776 913 1824 separatum
956 1772 1042 1809 fuit.
1111 1770 1318 1809 Structura
1356 1769 1535 1808 omnium
1574 1769 1623 1807 ad

101 1841 273 1879 eundem
321 1846 459 1893 typum
508 1840 705 1879 confecta.
778 1839 980 1891 Sipbones
1018 1851 1113 1877 vero
1154 1838 1445 1890 periceutrales
1476 1838 1516 1876 in
1549 1838 1624 1876 Po-

102 1907 331 1959 lysiphonia
372 1911 411 1945 et
449 1908 679 1959 Rytiphlaea
724 1906 997 1945 exterioribus
1042 1906 1200 1944 cellulis
1238 1907 1436 1956 majores,
1475 1910 1515 1944 et
1554 1917 1624 1943 ex-

102 1974 323 2013 siccatione
376 1975 504 2027 magis
548 1974 641 2013 ideo
689 1974 959 2019 collabentes,
1013 1973 1074 2011 his
1119 1973 1336 2025 generibus
1388 1973 1624 2025 adspectum

104 2043 286 2095 praebent
317 2043 594 2091 articulatum;
634 2042 793 2080 cellulae
824 2041 1114 2093 pel-icentrales
1156 2053 1251 2079 vero
1291 2040 1331 2078 in
1372 2039 1627 2078 Rhodomela

103 2115 195 2149 sunt
239 2110 512 2149 exterioribus
564 2110 632 2148 vix
680 2110 853 2160 majores
898 2114 939 2147 et
983 2108 1132 2147 sensim
1185 2109 1418 2159 sensimque
1470 2108 1510 2146 in
1555 2120 1626 2145 ex-

104 2178 273 2216 teriores
319 2181 592 2223 transeuntes,
638 2176 822 2216 frondem
871 2176 1137 2215 Rhodomelae
1184 2175 1346 2227 proprie
1393 2173 1626 2213 inarticula-

107 2248 184 2282 tam
216 2244 402 2283 reddunt.

215 2312 429 2350 Fructibus
468 2323 618 2362 genera
655 2312 741 2350 haec
785 2310 959 2349 invicem
1000 2310 1084 2348 fere
1122 2309 1391 2357 conveniunt3
1436 2307 1626 2346 nimirum

106 2378 342 2417 keramidiis
396 2377 560 2416 omnino
609 2377 894 2429 congruentia,
945 2377 1022 2415 nisi
1068 2377 1201 2415 forsan
1247 2375 1376 2414 forma
1428 2374 1469 2412 in
1514 2374 1626 2426 Ryti-

106 2445 239 2496 phlaea
285 2445 412 2497 magis
458 2444 647 2496 globosa,
691 2445 730 2483 in
779 2443 1071 2496 Polysiphonia
1115 2448 1155 2481 et
1200 2441 1454 2481 Rhodomela
1499 2441 1627 2492 magis

107 2517 224 2550 ovata
265 2512 434 2551 diceres.
507 2511 887 2564 Sphaerosporarum
928 2510 1162 2550 evolutione
1202 2521 1362 2559 quoque
1402 2508 1457 2546 ita
1494 2507 1627 2560 paria,

109 2583 150 2617 ut
180 2579 219 2617 in
252 2578 438 2618 omnibus
477 2578 577 2616 rami
617 2578 771 2616 fertiles
802 2591 824 2615 a
855 2577 1060 2616 sterilibus
1092 2576 1161 2614 vix
1193 2577 1323 2614 forma
1353 2575 1557 2622 differunt,
1588 2580 1628 2614 et

108 2645 295 2684 sticliidia
326 2645 488 2697 proprie
532 2644 589 2683 sic
619 2645 726 2684 dicta
759 2645 857 2690 (hoc
888 2647 949 2681 est
978 2642 1172 2695 peculiari
1205 2641 1410 2692 morphosi
1443 2646 1530 2680 orta
1559 2647 1628 2680 aut

108 2713 317 2764 superiore
363 2711 596 2750 evolutione
633 2724 654 2749 a
694 2712 816 2749 ramis
862 2710 1067 2749 sterilibus
1113 2709 1319 2753 distincta)
1364 2708 1435 2746 vix
1480 2708 1517 2746 in
1565 2709 1626 2747 his

108 2779 324 2830 generibus
356 2777 550 2816 obvenire
583 2777 751 2816 diceres.
796 2778 984 2815 Attamen
1018 2776 1222 2815 Generum
1254 2775 1484 2813 differentia
1514 2776 1629 2815 adest

110 2845 148 2883 in
188 2857 251 2891 eo,
290 2844 397 2894 quod
436 2843 729 2896 sphaerosporae
767 2844 806 2882 in
846 2841 1137 2894 Polysiphonia
1174 2841 1279 2880 intra
1316 2840 1508 2881 articulos
1547 2843 1627 2881 sin-
