1728 3110
102 155 345 209 Polyzom'a.
711 150 991 194 lluoDoMELEAE.
1490 150 1506 191 ‘l
1523 150 1575 193 1ss
1585 150 1609 192 9

165 296 171 304 x
194 281 394 323 Polyzonia
420 280 568 323 elegans
594 266 696 313 ἐπὴν
721 278 743 313 l.
769 289 798 313 c.
822 281 862 313 in
895 280 1011 315 Flora
1049 282 1148 316 1834.
1173 281 1228 316 II.
1248 291 1289 325 1).
1317 283 1393 317 739.
1422 280 1493 316 tab.
1519 280 1565 315 II
1577 278 1612 322 f.

102 339 179 372 1521
206 337 316 372 Sond.
344 337 424 381 Alq.
450 336 589 371 Prez‘ss.
610 347 651 380 p.
678 338 757 371 361!
783 338 902 372 Harv.
928 339 1015 373 Ner.
1043 339 1174 374 Austr.
1194 350 1235 383 1).
1262 342 1305 374 70
1319 340 1390 375 tab.
1419 338 1612 374 XXVIII.

101 396 215 430 Kzttz.
241 395 306 439 Sp.
334 395 414 440 Aly.
438 405 477 439 1).
503 397 569 429 881
598 399 802 440 (Ρὶῑι-ῒίηιῖ).

211 478 312 518 Hab.
344 478 383 516 in
415 477 587 517 Gelidiis
618 479 833 530 parasitica
849 480 897 518 ad
916 481 1011 532 Cap.
1032 482 1076 520 B.
1097 481 1193 533 Spei
1225 482 1420 528 (Ecklonl
1453 482 1610 533 Pappe!

113 546 263 596 aliique
276 548 302 595 ἱ)
333 547 381 585 ad
399 547 494 586 Port
510 546 626 584 Nata]
646 547 853 595 (Krauss);
885 548 932 586 ad
965 561 1054 587 oras
1071 549 1197 588 Novae
1215 549 1443 588 Hollandiae
1461 553 1614 587 austro·

111 613 385 652 occidentales
416 614 617 662 (Pi-eiss!).

193 692 359 725 Frondcs
386 694 532 725 circiter
559 693 770 736 pollis-ares,
796 694 970 726 inferiore
999 698 1099 737 parte
1138 698 1309 738 repentes
1336 698 1372 727 et
1399 695 1616 745 radicantesy

103 752 296 794 superiore
325 754 503 793 porrecta¹
540 751 666 784 libera¹
705 762 812 795 parce
850 762 1003 785 ramosa·
1041 756 1076 785 ct
1102 753 1242 785 alterne
1269 754 1436 796 pinnatae.
1485 752 1616 786 Caules

102 809 338 842 teretiusculi
364 809 530 852 apicibus
555 810 849 843 increscentibus
876 810 1067 843 involutis.
1094 810 1196 843 Folia
1212 812 1256 844 ad
1272 811 1483 854 geniculum
1500 811 1616 855 quod-

103 878 176 911 que
202 868 406 901 secundum
432 868 573 901 alterne
601 869 775 901 exeuntia
803 868 969 908 disticha,
996 869 1128 901 lineam
1157 870 1304 901 circiter
1329 869 1449 912 longa,
1475 869 1615 902 ambitu

104 926 267 970 oblonga
294 931 356 960 aut
384 928 542 961 obovata
568 928 630 960 sed
659 929 764 972 quasi
781 928 982 967 dimidiata,
1000 930 1165 971 margine
1182 939 1310 972 nempe
1327 929 1499 961 inferiore
1515 932 1615 961 recto

103 987 139 1017 et
164 986 418 1028 integerrimo,
455 987 645 1029 superiore
685 989 834 1019 arcuato
872 996 1001 1029 grosse
1041 987 1202 1025 dentato,
1241 988 1414 1020 dentibus
1440 987 1612 1020 soliorum

61 1082 64 1085 ‚
102 1043 323 1075 inferiorum
363 1044 492 1083 tribus
531 1046 765 1087 superiorum
792 1045 813 1076 4
842 1049 972 1087 pra=ter
1007 1045 1236 1077 terminalem
1265 1046 1509 1089 conformem·7
1538 1046 1615 1089 ipsa

103 1102 237 1144 pagina
263 1101 413 1145 oblique
452 1102 628 1142 verticali⁷
668 1113 758 1134 vena
797 1106 956 1141 arcuata,
983 1113 1002 1134 a
1029 1103 1107 1135 basi
1135 1103 1178 1135 ad
1208 1104 1354 1135 <lentem
1384 1103 1614 1136 terminalem

105 1162 325 1192 excurrente
351 1170 536 1203 percursa,
562 1162 740 1204 zonisque
768 1174 783 1193 a
816 1172 903 1193 vena
931 1161 1103 1193 deorsum
1134 1161 1453 1199 transversalibus,
1469 1170 1615 1194 sursum

105 1218 144 1249 in
171 1227 281 1250 zonas
310 1217 478 1250 dentium
504 1218 730 1251 abeuntibus
769 1220 960 1259 instructa,
1001 1220 1101 1251 zonis
1139 1219 1357 1252 cellularum
1384 1221 1496 1252 series
1522 1220 1617 1252 infra

108 1285 239 1308 venam
267 1275 316 1306 7-vr
334 1276 354 1308 8
380 1276 671 1318 longitudinales
699 1278 947 1310 offerentibus.
1000 1278 1135 1311 Dentes
1161 1278 1233 1310 late
1263 1278 1507 1320 triangulares
1533 1288 1616 1311 acu-

104 1335 245 1373 minati,
273 1344 338 1367 suo
376 1334 504 1366 ordine
534 1339 739 1368 transverse
767 1337 900 1369 zonati.
950 1336 1053 1368 Rami
1081 1346 1192 1379 supra
1217 1337 1315 1375 folia,
1341 1337 1384 1369 ad
1406 1336 1615 1379 geniculum

107 1393 279 1436 proxime
308 1394 506 1436 insequens
537 1396 572 1426 et
598 1394 643 1426 ad
681 1394 779 1427 idem
818 1394 914 1427 latus
951 1397 1139 1435 excuntes,
1176 1394 1436 1438 polysiphonii,
1475 1395 1616 1427 inferne

104 1452 283 1491 corticati,
308 1461 440 1494 nempe
473 1451 692 1494 siphonibus
719 1454 814 1485 circa
847 1453 1046 1485 centralem
1074 1453 1094 1485 6
1120 1453 1335 1494 minoribus,
1369 1455 1478 1486 extus
1505 1452 1617 1485 cellu-

104 1509 150 1541 lis
176 1509 351 1552 subaeque
380 1512 522 1552 magnis
550 1512 668 1544 tectis.
718 1511 897 1544 Stichidia
923 1512 968 1544 ab
996 1512 1167 1544 involuto
1194 1513 1294 1554 apice
1322 1513 1413 1544 rami
1440 1512 1617 1544 transfor·

104 1572 211 1607 mata,
236 1569 317 1611 ipsa
342 1570 476 1601 eximie
506 1569 724 1602 cochleatim
752 1571 929 1609 involuta,
957 1571 1071 1613 spiras
1098 1570 1146 1602 1»
1167 1571 1185 1602 2
1212 1571 1419 1610 formantia,
1447 1581 1467 1603 a
1493 1571 1618 1603 lateri-

108 1627 175 1659 bus
202 1627 309 1670 spirae
334 1627 505 1660 bifariam
533 1629 675 1668 foliosa,
703 1629 803 1662 foliis
830 1640 849 1662 a
876 1630 1041 1671 margine
1081 1630 1259 1662 interiore
1296 1633 1507 1662 extrorsum
1537 1639 1618 1672 por·

105 1686 216 1718 rectis
242 1686 388 1718 cristam
416 1687 673 1727 formantibus,
700 1698 772 1730 qua
796 1687 949 1730 adparet
981 1687 1193 1720 stichidium
1227 1690 1335 1720 extus
1362 1697 1439 1719 esse
1465 1687 1618 1719 circum-

109 1745 259 1788 datum3
285 1746 363 1788 ipsa
390 1745 510 1778 rachis
537 1747 643 1788 spira*
670 1746 814 1786 fertilis,
840 1748 983 1779 unicam
1010 1747 1143 1779 seriem
1170 1745 1476 1788 longitudinalem
1504 1744 1619 1788 sphfe-

104 1815 346 1848 rosporarum
386 1816 580 1848 generans.
628 1807 841 1840 Keramidia
881 1808 971 1849 [see.
1010 1807 1174 1849 Harvey)
1212 1806 1311 1840 soliis
1347 1806 1480 1839 adnata
1506 1808 1619 1847 (anne

105 1865 233 1908 potius
260 1864 405 1897 ramulo
443 1866 708 1898 transformato
745 1865 893 1898 axillari
932 1866 1055 1906 orta‘?)
1094 1867 1212 1898 ovata.
1261 1864 1474 1898 Substantia
1507 1874 1619 1895 mem-

96 1918 293 1961 branacea,
320 1922 454 1955 chartae
482 1923 703 1967 plerumque
729 1934 802 1957 non
818 1923 1020 1956 adhaerens.
1054 1921 1164 1955 Color
1184 1922 1386 1961 coccineus,
1402 1921 1619 1964 plerumque

105 1982 272 2013 mutatus
298 1981 335 2012 in
363 1981 629 2024 speciminibus
656 1982 861 2014 exsiccatis.

201 2038 347 2079 Errore,
373 2040 408 2071 ni
436 2038 556 2079 fallor,
582 2039 718 2073 dicitur
745 2039 917 2073 stichidia
942 2042 1088 2072 tantum
1103 2038 1290 2072 adultiora
1304 2048 1381 2071 esse
1398 2037 1617 2079 convoluta3

106 2096 245 2140 pendet
270 2100 400 2130 contra
436 2098 555 2130 forma
593 2098 780 2132 cochleata
815 2110 861 2131 ex
899 2099 1017 2132 forma
1055 2099 1168 2141 partis
1208 2097 1497 2138 transformatae3
1526 2105 1619 2138 apex

106 2155 199 2187 rami
227 2158 281 2187 est
307 2155 500 2189 involutus
526 2156 676 2190 rachide
711 2162 925 2190 extrorsum
961 2156 1070 2196 nuda,
1096 2157 1300 2189 introrsum
1326 2158 1389 2187 aut
1415 2154 1541 2197 potius
1568 2153 1619 2184 la-

106 2213 248 2246 teribus
269 2212 378 2255 juxta
403 2216 607 2257 marginem
633 2216 850 2249 interiorem
878 2216 1049 2248 bifariam
1075 2214 1226 2257 foliosag
1255 2213 1383 2246 foliola
1403 2215 1617 2245 extrorsum

106 2274 279 2314 porrecta
305 2272 410 2314 quasi
436 2271 577 2316 duplici
604 2274 696 2306 serie
723 2274 888 2306 dentium
923 2272 1137 2305 stichidium
1169 2273 1332 2314 cingunt.
1381 2269 1463 2313 Ipsa
1489 2268 1618 2306 rachis,

108 2340 187 2373 quae
213 2329 464 2373 peripheriam
490 2334 639 2374 spectat,
666 2335 719 2365 est
747 2332 1014 2376 sphaerosporis
1053 2332 1197 2363 seriatis
1234 2331 1423 2362 instructa.
1474 2327 1618 2370 Elapsis

109 2387 377 2432 sphaerosporis
404 2388 617 2422 stichidium
644 2392 679 2423 i11
718 2402 862 2424 ramum
902 2391 1037 2423 sensim
1075 2389 1195 2421 evolvi
1234 2388 1409 2430 suspicor,
1445 2385 1618 2417 dentibus

109 2447 228 2479 cristae
255 2447 391 2479 sensim
418 2448 455 2479 in
481 2447 571 2480 folia
594 2449 701 2481 initio
740 2449 909 2482 bifariam
950 2447 1119 2486 secunday
1159 2456 1245 2478 mox
1286 2443 1450 2483 disticha,
1476 2442 1618 2474 alterna

109 2505 421 2538 excrescentibus.

109 2632 146 2672 5.
177 2633 221 2671 P.
251 2632 660 2673 JUNGERMANNIOIDES
703 2634 841 2685 (Mart.
882 2636 915 2670 et
943 2632 1033 2669 Her.
1077 2631 1119 2667 ‘in
1164 2630 1284 2667 Flora
1321 2628 1424 2666 1836
1446 2640 1488 2674 1²·
1518 2626 1615 2670 485)

219 2700 373 2739 frondis
403 2713 523 2752 parce
553 2714 722 2741 ramosae
751 2702 872 2740 ramis
916 2700 1070 2737 alterne
1110 2697 1299 2749 pinnatis,
1343 2696 1450 2734 foliis
1494 2695 1618 2733 dense

219 2767 441 2806 imbricatis
472 2768 678 2807 sessilibus
709 2765 1088 2808 subdecurrentibus
1118 2763 1305 2813 utrinque
1333 2761 1617 2813 integerrimis,

214 2834 445 2885 junioribus
474 2834 851 2875 lanceolato-ovatis
881 2833 995 2884 apice
1025 2831 1169 2870 obtuse
1199 2828 1442 2868 mucronatis
1466 2832 1533 2867 aut
1548 2841 1617 2881 pe·

221 2900 472 2952 nicilligeris‚
503 2901 768 2941 adultioribus
808 2897 1185 2942 rotundato-ovans,
1215 2895 1361 2949 pagina
1390 2900 1617 2935 transverse
