<?xml version="1.0" encoding="UTF-8"?>
<!DOCTYPE html PUBLIC "-//W3C//DTD XHTML 1.0 Transitional//EN"
    "http://www.w3.org/TR/xhtml1/DTD/xhtml1-transitional.dtd">
<html xmlns="http://www.w3.org/1999/xhtml" xml:lang="en" lang="en">
 <head>
  <title>
</title>
<meta http-equiv="Content-Type" content="text/html;charset=utf-8" />
  <meta name='ocr-system' content='tesseract 3.04.00' />
  <meta name='ocr-capabilities' content='ocr_page ocr_carea ocr_par ocr_line ocrx_word'/>
</head>
<body>
  <div class='ocr_page' id='page_1' title='image "./speciesgeneraeto0203agar_0031.png"; bbox 0 0 1728 3110; ppageno 0'>
   <div class='ocr_carea' id='block_1_1' title="bbox 65 126 1581 179">
    <p class='ocr_par' dir='ltr' id='par_1_1' title="bbox 65 126 1581 179">
     <span class='ocr_line' id='line_1_1' title="bbox 65 126 1581 179; baseline -0.007 -1"><span class='ocrx_word' id='word_1_1' title='bbox 65 133 347 179; x_wconf 73' lang='lat' dir='ltr'>Lomentaria.</span> <span class='ocrx_word' id='word_1_2' title='bbox 716 129 945 171; x_wconf 64' lang='lat' dir='ltr'>CuoxmuaAE.</span> <span class='ocrx_word' id='word_1_3' title='bbox 1490 126 1581 167; x_wconf 81' lang='lat'>725</span> 
     </span>
    </p>
   </div>
   <div class='ocr_carea' id='block_1_2' title="bbox 67 257 1600 2950">
    <p class='ocr_par' dir='ltr' id='par_1_2' title="bbox 67 257 1589 784">
     <span class='ocr_line' id='line_1_2' title="bbox 67 257 1583 312; baseline -0.009 -5"><span class='ocrx_word' id='word_1_4' title='bbox 67 273 182 307; x_wconf 82' lang='lat' dir='ltr'>Frons</span> <span class='ocrx_word' id='word_1_5' title='bbox 214 266 453 305; x_wconf 86' lang='lat' dir='ltr'>teretiuscula</span> <span class='ocrx_word' id='word_1_6' title='bbox 484 262 669 312; x_wconf 88' lang='lat' dir='ltr'>tubulosa,</span> <span class='ocrx_word' id='word_1_7' title='bbox 699 261 768 299; x_wconf 86' lang='lat' dir='ltr'>filis</span> <span class='ocrx_word' id='word_1_8' title='bbox 799 260 935 310; x_wconf 79' lang='lat' dir='ltr'>sparsis</span> <span class='ocrx_word' id='word_1_9' title='bbox 966 272 1141 311; x_wconf 83' lang='lat' dir='ltr'>percursa</span> <span class='ocrx_word' id='word_1_10' title='bbox 1175 262 1212 297; x_wconf 90' lang='lat' dir='ltr'>et</span> <span class='ocrx_word' id='word_1_11' title='bbox 1241 257 1583 309; x_wconf 86' lang='lat' dir='ltr'>diaphragmatibus</span> 
     </span>
     <span class='ocr_line' id='line_1_3' title="bbox 176 323 1585 379; baseline -0.009 -7"><span class='ocrx_word' id='word_1_12' title='bbox 176 334 365 372; x_wconf 88' lang='lat' dir='ltr'>cellulosis</span> <span class='ocrx_word' id='word_1_13' title='bbox 404 332 618 379; x_wconf 79' lang='lat' dir='ltr'>intersepta,</span> <span class='ocrx_word' id='word_1_14' title='bbox 657 329 800 367; x_wconf 76' lang='lat' dir='ltr'>cellulis</span> <span class='ocrx_word' id='word_1_15' title='bbox 836 328 1083 377; x_wconf 72' lang='lat' dir='ltr'>peripliericis</span> <span class='ocrx_word' id='word_1_16' title='bbox 1124 327 1336 375; x_wconf 89' lang='lat' dir='ltr'>subduplici</span> <span class='ocrx_word' id='word_1_17' title='bbox 1373 325 1472 364; x_wconf 89' lang='lat' dir='ltr'>serie</span> <span class='ocrx_word' id='word_1_18' title='bbox 1503 323 1585 361; x_wconf 85' lang='lat' dir='ltr'>dis-</span> 
     </span>
     <span class='ocr_line' id='line_1_4' title="bbox 178 392 1584 452; baseline -0.005 -16"><span class='ocrx_word' id='word_1_19' title='bbox 178 402 327 452; x_wconf 77' lang='lat' dir='ltr'>positi83</span> <span class='ocrx_word' id='word_1_20' title='bbox 381 399 527 437; x_wconf 90' lang='lat' dir='ltr'>inferne</span> <span class='ocrx_word' id='word_1_21' title='bbox 572 396 882 445; x_wconf 83' lang='lat' dir='ltr'>qnandoquidem</span> <span class='ocrx_word' id='word_1_22' title='bbox 930 396 1181 445; x_wconf 87' lang='lat' dir='ltr'>solidescens,</span> <span class='ocrx_word' id='word_1_23' title='bbox 1234 395 1346 432; x_wconf 88' lang='lat' dir='ltr'>ramis</span> <span class='ocrx_word' id='word_1_24' title='bbox 1391 392 1584 431; x_wconf 87' lang='lat' dir='ltr'>tubulosis.</span> 
     </span>
     <span class='ocr_line' id='line_1_5' title="bbox 178 460 1586 514; baseline -0.009 -6"><span class='ocrx_word' id='word_1_25' title='bbox 178 467 406 508; x_wconf 70' lang='lat' dir='ltr'>li‘eramidia</span> <span class='ocrx_word' id='word_1_26' title='bbox 435 478 453 502; x_wconf 89' lang='lat' dir='ltr'>a</span> <span class='ocrx_word' id='word_1_27' title='bbox 483 468 588 514; x_wconf 87' lang='lat' dir='ltr'>parte</span> <span class='ocrx_word' id='word_1_28' title='bbox 630 465 754 501; x_wconf 83' lang='lat' dir='ltr'>inflata</span> <span class='ocrx_word' id='word_1_29' title='bbox 800 463 943 500; x_wconf 80' lang='lat' dir='ltr'>frondis</span> <span class='ocrx_word' id='word_1_30' title='bbox 985 464 1156 512; x_wconf 84' lang='lat' dir='ltr'>formata,</span> <span class='ocrx_word' id='word_1_31' title='bbox 1198 462 1291 500; x_wconf 88' lang='lat' dir='ltr'>intra</span> <span class='ocrx_word' id='word_1_32' title='bbox 1335 460 1586 510; x_wconf 84' lang='lat' dir='ltr'>pericarpium</span> 
     </span>
     <span class='ocr_line' id='line_1_6' title="bbox 178 530 1586 587; baseline -0.008 -11"><span class='ocrx_word' id='word_1_33' title='bbox 178 536 397 587; x_wconf 85' lang='lat' dir='ltr'>sphaericum</span> <span class='ocrx_word' id='word_1_34' title='bbox 439 534 493 570; x_wconf 80' lang='lat' dir='ltr'>vel</span> <span class='ocrx_word' id='word_1_35' title='bbox 533 535 694 579; x_wconf 78' lang='lat' dir='ltr'>ovatum,</span> <span class='ocrx_word' id='word_1_36' title='bbox 737 530 990 580; x_wconf 80' lang='lat' dir='ltr'>carpostomio</span> <span class='ocrx_word' id='word_1_37' title='bbox 1033 531 1188 567; x_wconf 84' lang='lat' dir='ltr'>demum</span> <span class='ocrx_word' id='word_1_38' title='bbox 1230 534 1439 578; x_wconf 82' lang='lat' dir='ltr'>pertusum,</span> <span class='ocrx_word' id='word_1_39' title='bbox 1476 540 1586 576; x_wconf 86' lang='lat' dir='ltr'>gem-</span> 
     </span>
     <span class='ocr_line' id='line_1_7' title="bbox 177 596 1588 649; baseline -0.007 -7"><span class='ocrx_word' id='word_1_40' title='bbox 177 605 292 643; x_wconf 87' lang='lat' dir='ltr'>midia</span> <span class='ocrx_word' id='word_1_41' title='bbox 334 601 529 649; x_wconf 85' lang='lat' dir='ltr'>obconica‚</span> <span class='ocrx_word' id='word_1_42' title='bbox 560 612 580 636; x_wconf 85' lang='lat' dir='ltr'>a</span> <span class='ocrx_word' id='word_1_43' title='bbox 619 600 790 648; x_wconf 86' lang='lat' dir='ltr'>placenta</span> <span class='ocrx_word' id='word_1_44' title='bbox 833 598 1027 647; x_wconf 75' lang='lat' dir='ltr'>radiantia,</span> <span class='ocrx_word' id='word_1_45' title='bbox 1060 598 1235 635; x_wconf 87' lang='lat' dir='ltr'>foventia.</span> <span class='ocrx_word' id='word_1_46' title='bbox 1295 596 1588 643; x_wconf 74' lang='lat' dir='ltr'>Sphoerosporoe</span> 
     </span>
     <span class='ocr_line' id='line_1_8' title="bbox 178 663 1589 721; baseline -0.005 -13"><span class='ocrx_word' id='word_1_47' title='bbox 178 683 247 721; x_wconf 88' lang='lat' dir='ltr'>per</span> <span class='ocrx_word' id='word_1_48' title='bbox 287 670 450 707; x_wconf 87' lang='lat' dir='ltr'>ramulos</span> <span class='ocrx_word' id='word_1_49' title='bbox 492 678 628 716; x_wconf 82' lang='lat' dir='ltr'>sparsae</span> <span class='ocrx_word' id='word_1_50' title='bbox 673 670 736 703; x_wconf 87' lang='lat' dir='ltr'>aut</span> <span class='ocrx_word' id='word_1_51' title='bbox 780 666 934 703; x_wconf 78' lang='lat' dir='ltr'>densius</span> <span class='ocrx_word' id='word_1_52' title='bbox 977 668 1197 715; x_wconf 72' lang='lat' dir='ltr'>aggregatae,</span> <span class='ocrx_word' id='word_1_53' title='bbox 1228 665 1266 701; x_wconf 94' lang='lat' dir='ltr'>in</span> <span class='ocrx_word' id='word_1_54' title='bbox 1297 663 1439 701; x_wconf 84' lang='lat' dir='ltr'>cellulis</span> <span class='ocrx_word' id='word_1_55' title='bbox 1470 664 1589 701; x_wconf 85' lang='lat' dir='ltr'>infra-</span> 
     </span>
     <span class='ocr_line' id='line_1_9' title="bbox 180 732 1271 784; baseline -0.006 -8"><span class='ocrx_word' id='word_1_56' title='bbox 180 737 418 776; x_wconf 88' lang='lat' dir='ltr'>corticalibus</span> <span class='ocrx_word' id='word_1_57' title='bbox 450 735 631 784; x_wconf 86' lang='lat' dir='ltr'>formatae,</span> <span class='ocrx_word' id='word_1_58' title='bbox 664 733 885 783; x_wconf 80' lang='lat' dir='ltr'>rotundatae,</span> <span class='ocrx_word' id='word_1_59' title='bbox 918 733 1102 779; x_wconf 87' lang='lat' dir='ltr'>triangule</span> <span class='ocrx_word' id='word_1_60' title='bbox 1134 732 1271 770; x_wconf 80' lang='lat' dir='ltr'>divisae.</span> 
     </span>
    </p>

    <p class='ocr_par' dir='ltr' id='par_1_3' title="bbox 70 799 1595 1731">
     <span class='ocr_line' id='line_1_10' title="bbox 180 799 1588 852; baseline -0.006 -9"><span class='ocrx_word' id='word_1_61' title='bbox 180 805 345 844; x_wconf 83' lang='lat' dir='ltr'>Frondes</span> <span class='ocrx_word' id='word_1_62' title='bbox 374 801 927 852; x_wconf 56' lang='lat' dir='ltr'>getatinoso-membranaceae,</span> <span class='ocrx_word' id='word_1_63' title='bbox 959 801 1107 838; x_wconf 88' lang='lat' dir='ltr'>inferne</span> <span class='ocrx_word' id='word_1_64' title='bbox 1138 799 1341 848; x_wconf 87' lang='lat' dir='ltr'>aliquando</span> <span class='ocrx_word' id='word_1_65' title='bbox 1365 799 1588 837; x_wconf 87' lang='lat' dir='ltr'>subcartila-</span> 
     </span>
     <span class='ocr_line' id='line_1_11' title="bbox 74 868 1587 924; baseline -0.007 -12"><span class='ocrx_word' id='word_1_66' title='bbox 74 875 204 924; x_wconf 75' lang='lat' dir='ltr'>gineze,</span> <span class='ocrx_word' id='word_1_67' title='bbox 241 882 530 910; x_wconf 84' lang='lat' dir='ltr'>carneo-roseae</span> <span class='ocrx_word' id='word_1_68' title='bbox 568 874 630 908; x_wconf 88' lang='lat' dir='ltr'>aut</span> <span class='ocrx_word' id='word_1_69' title='bbox 668 872 999 918; x_wconf 74' lang='lat' dir='ltr'>purpurascentes,</span> <span class='ocrx_word' id='word_1_70' title='bbox 1035 868 1237 916; x_wconf 90' lang='lat' dir='ltr'>aliquando</span> <span class='ocrx_word' id='word_1_71' title='bbox 1276 878 1393 905; x_wconf 84' lang='lat' dir='ltr'>aureo</span> <span class='ocrx_word' id='word_1_72' title='bbox 1424 870 1461 903; x_wconf 83' lang='lat' dir='ltr'>et</span> <span class='ocrx_word' id='word_1_73' title='bbox 1493 877 1587 914; x_wconf 88' lang='lat' dir='ltr'>pur-</span> 
     </span>
     <span class='ocr_line' id='line_1_12' title="bbox 70 935 1590 992; baseline -0.006 -13"><span class='ocrx_word' id='word_1_74' title='bbox 70 953 190 992; x_wconf 89' lang='lat' dir='ltr'>pureo</span> <span class='ocrx_word' id='word_1_75' title='bbox 222 939 481 989; x_wconf 88' lang='lat' dir='ltr'>iridescentes,</span> <span class='ocrx_word' id='word_1_76' title='bbox 508 939 770 986; x_wconf 79' lang='lat' dir='ltr'>teretiusculae,</span> <span class='ocrx_word' id='word_1_77' title='bbox 801 937 935 985; x_wconf 65' lang='lat' dir='ltr'>saepius</span> <span class='ocrx_word' id='word_1_78' title='bbox 965 937 1140 974; x_wconf 85' lang='lat' dir='ltr'>torulosae</span> <span class='ocrx_word' id='word_1_79' title='bbox 1172 938 1209 972; x_wconf 90' lang='lat' dir='ltr'>et</span> <span class='ocrx_word' id='word_1_80' title='bbox 1238 935 1461 972; x_wconf 79' lang='lat' dir='ltr'>articulatim</span> <span class='ocrx_word' id='word_1_81' title='bbox 1492 945 1590 970; x_wconf 90' lang='lat' dir='ltr'>con-</span> 
     </span>
     <span class='ocr_line' id='line_1_13' title="bbox 71 1003 1592 1060; baseline -0.008 -13"><span class='ocrx_word' id='word_1_82' title='bbox 71 1010 220 1060; x_wconf 82' lang='lat' dir='ltr'>strictae,</span> <span class='ocrx_word' id='word_1_83' title='bbox 250 1008 349 1045; x_wconf 91' lang='lat' dir='ltr'>intus</span> <span class='ocrx_word' id='word_1_84' title='bbox 383 1006 565 1044; x_wconf 79' lang='lat' dir='ltr'>tubulosae</span> <span class='ocrx_word' id='word_1_85' title='bbox 600 1011 636 1043; x_wconf 91' lang='lat' dir='ltr'>et</span> <span class='ocrx_word' id='word_1_86' title='bbox 666 1004 1008 1054; x_wconf 84' lang='lat' dir='ltr'>diapbragmatibus</span> <span class='ocrx_word' id='word_1_87' title='bbox 1040 1003 1592 1049; x_wconf 81' lang='lat' dir='ltr'>cellulosisinterseptae‚nunc</span> 
     </span>
     <span class='ocr_line' id='line_1_14' title="bbox 71 1069 1592 1123; baseline -0.007 -8"><span class='ocrx_word' id='word_1_88' title='bbox 71 1078 219 1115; x_wconf 89' lang='lat' dir='ltr'>inferne</span> <span class='ocrx_word' id='word_1_89' title='bbox 250 1074 545 1123; x_wconf 85' lang='lat' dir='ltr'>solidescentes3</span> <span class='ocrx_word' id='word_1_90' title='bbox 577 1087 596 1112; x_wconf 89' lang='lat' dir='ltr'>a</span> <span class='ocrx_word' id='word_1_91' title='bbox 638 1073 763 1111; x_wconf 80' lang='lat' dir='ltr'>radice</span> <span class='ocrx_word' id='word_1_92' title='bbox 796 1072 1068 1120; x_wconf 78' lang='lat' dir='ltr'>erectiusculae,</span> <span class='ocrx_word' id='word_1_93' title='bbox 1100 1071 1220 1108; x_wconf 85' lang='lat' dir='ltr'>rarius</span> <span class='ocrx_word' id='word_1_94' title='bbox 1251 1069 1524 1108; x_wconf 78' lang='lat' dir='ltr'>decumbentes</span> <span class='ocrx_word' id='word_1_95' title='bbox 1556 1072 1592 1105; x_wconf 91' lang='lat' dir='ltr'>ct</span> 
     </span>
     <span class='ocr_line' id='line_1_15' title="bbox 70 1137 1591 1190; baseline -0.007 -8"><span class='ocrx_word' id='word_1_96' title='bbox 70 1159 88 1184; x_wconf 85' lang='lat' dir='ltr'>a</span> <span class='ocrx_word' id='word_1_97' title='bbox 120 1145 271 1183; x_wconf 89' lang='lat' dir='ltr'>surculo</span> <span class='ocrx_word' id='word_1_98' title='bbox 311 1143 500 1180; x_wconf 89' lang='lat' dir='ltr'>radicante</span> <span class='ocrx_word' id='word_1_99' title='bbox 545 1141 838 1190; x_wconf 85' lang='lat' dir='ltr'>adscendentes,</span> <span class='ocrx_word' id='word_1_100' title='bbox 878 1140 1148 1178; x_wconf 84' lang='lat' dir='ltr'>ramificatione</span> <span class='ocrx_word' id='word_1_101' title='bbox 1200 1142 1262 1176; x_wconf 93' lang='lat' dir='ltr'>aut</span> <span class='ocrx_word' id='word_1_102' title='bbox 1306 1137 1591 1185; x_wconf 87' lang='lat' dir='ltr'>deliquescente</span> 
     </span>
     <span class='ocr_line' id='line_1_16' title="bbox 70 1203 1591 1258; baseline -0.007 -8"><span class='ocrx_word' id='word_1_103' title='bbox 70 1212 357 1250; x_wconf 86' lang='lat' dir='ltr'>di-tricbotoma</span> <span class='ocrx_word' id='word_1_104' title='bbox 387 1214 450 1248; x_wconf 86' lang='lat' dir='ltr'>aut</span> <span class='ocrx_word' id='word_1_105' title='bbox 478 1210 596 1257; x_wconf 86' lang='lat' dir='ltr'>magis</span> <span class='ocrx_word' id='word_1_106' title='bbox 627 1209 849 1258; x_wconf 85' lang='lat' dir='ltr'>paniculata,</span> <span class='ocrx_word' id='word_1_107' title='bbox 881 1209 992 1246; x_wconf 86' lang='lat' dir='ltr'>ramis</span> <span class='ocrx_word' id='word_1_108' title='bbox 1024 1218 1160 1255; x_wconf 83' lang='lat' dir='ltr'>nempe</span> <span class='ocrx_word' id='word_1_109' title='bbox 1185 1207 1221 1244; x_wconf 88' lang='lat' dir='ltr'>in</span> <span class='ocrx_word' id='word_1_110' title='bbox 1241 1203 1591 1254; x_wconf 85' lang='lat' dir='ltr'>frondeprincipali</span> 
     </span>
     <span class='ocr_line' id='line_1_17' title="bbox 71 1271 1593 1329; baseline -0.007 -12"><span class='ocrx_word' id='word_1_111' title='bbox 71 1279 207 1329; x_wconf 87' lang='lat' dir='ltr'>sparsis</span> <span class='ocrx_word' id='word_1_112' title='bbox 239 1278 423 1327; x_wconf 88' lang='lat' dir='ltr'>oppositis</span> <span class='ocrx_word' id='word_1_113' title='bbox 454 1277 747 1325; x_wconf 76' lang='lat' dir='ltr'>verticillatisve3</span> <span class='ocrx_word' id='word_1_114' title='bbox 778 1275 919 1324; x_wconf 91' lang='lat' dir='ltr'>duplici</span> <span class='ocrx_word' id='word_1_115' title='bbox 950 1275 1081 1311; x_wconf 89' lang='lat' dir='ltr'>saltem</span> <span class='ocrx_word' id='word_1_116' title='bbox 1110 1276 1224 1311; x_wconf 87' lang='lat' dir='ltr'>strato</span> <span class='ocrx_word' id='word_1_117' title='bbox 1243 1275 1437 1310; x_wconf 64' lang='lat' dir='ltr'>contextae.</span> <span class='ocrx_word' id='word_1_118' title='bbox 1467 1271 1593 1309; x_wconf 87' lang='lat' dir='ltr'>Tubus</span> 
     </span>
     <span class='ocr_line' id='line_1_18' title="bbox 71 1340 1593 1394; baseline -0.006 -9"><span class='ocrx_word' id='word_1_119' title='bbox 71 1349 242 1386; x_wconf 87' lang='lat' dir='ltr'>internus</span> <span class='ocrx_word' id='word_1_120' title='bbox 281 1346 350 1383; x_wconf 85' lang='lat' dir='ltr'>filis</span> <span class='ocrx_word' id='word_1_121' title='bbox 392 1344 634 1394; x_wconf 84' lang='lat' dir='ltr'>sparsissimis</span> <span class='ocrx_word' id='word_1_122' title='bbox 672 1343 855 1390; x_wconf 79' lang='lat' dir='ltr'>elongatis</span> <span class='ocrx_word' id='word_1_123' title='bbox 899 1342 1103 1380; x_wconf 84' lang='lat' dir='ltr'>articulatis</span> <span class='ocrx_word' id='word_1_124' title='bbox 1149 1342 1400 1390; x_wconf 83' lang='lat' dir='ltr'>percurritur3</span> <span class='ocrx_word' id='word_1_125' title='bbox 1451 1340 1593 1377; x_wconf 78' lang='lat' dir='ltr'>cellulae</span> 
     </span>
     <span class='ocr_line' id='line_1_19' title="bbox 73 1409 1595 1464; baseline -0.007 -10"><span class='ocrx_word' id='word_1_126' title='bbox 73 1416 288 1464; x_wconf 89' lang='lat' dir='ltr'>interiores,</span> <span class='ocrx_word' id='word_1_127' title='bbox 332 1413 464 1450; x_wconf 85' lang='lat' dir='ltr'>tubum</span> <span class='ocrx_word' id='word_1_128' title='bbox 509 1422 646 1460; x_wconf 83' lang='lat' dir='ltr'>nempe</span> <span class='ocrx_word' id='word_1_129' title='bbox 691 1410 927 1447; x_wconf 84' lang='lat' dir='ltr'>includentes</span> <span class='ocrx_word' id='word_1_130' title='bbox 973 1413 1009 1446; x_wconf 91' lang='lat' dir='ltr'>et</span> <span class='ocrx_word' id='word_1_131' title='bbox 1055 1409 1332 1457; x_wconf 84' lang='lat' dir='ltr'>diaphragmata</span> <span class='ocrx_word' id='word_1_132' title='bbox 1376 1409 1595 1457; x_wconf 80' lang='lat' dir='ltr'>formantes,</span> 
     </span>
     <span class='ocr_line' id='line_1_20' title="bbox 73 1476 1593 1530; baseline -0.007 -9"><span class='ocrx_word' id='word_1_133' title='bbox 73 1487 159 1522; x_wconf 88' lang='lat' dir='ltr'>sunt</span> <span class='ocrx_word' id='word_1_134' title='bbox 202 1481 600 1530; x_wconf 71' lang='lat' dir='ltr'>oblongo-angularae‚</span> <span class='ocrx_word' id='word_1_135' title='bbox 651 1479 785 1528; x_wconf 62' lang='lat' dir='ltr'>saepius</span> <span class='ocrx_word' id='word_1_136' title='bbox 828 1477 988 1527; x_wconf 85' lang='lat' dir='ltr'>simplici</span> <span class='ocrx_word' id='word_1_137' title='bbox 1041 1477 1139 1514; x_wconf 88' lang='lat' dir='ltr'>serie</span> <span class='ocrx_word' id='word_1_138' title='bbox 1184 1476 1394 1525; x_wconf 78' lang='lat' dir='ltr'>dispositae3</span> <span class='ocrx_word' id='word_1_139' title='bbox 1451 1476 1593 1512; x_wconf 58' lang='lat' dir='ltr'>cellulae</span> 
     </span>
     <span class='ocr_line' id='line_1_21' title="bbox 74 1541 1595 1601; baseline -0.008 -12"><span class='ocrx_word' id='word_1_140' title='bbox 74 1551 282 1601; x_wconf 88' lang='lat' dir='ltr'>corticales,</span> <span class='ocrx_word' id='word_1_141' title='bbox 320 1547 631 1586; x_wconf 87' lang='lat' dir='ltr'>subcorticalibus</span> <span class='ocrx_word' id='word_1_142' title='bbox 670 1546 851 1595; x_wconf 87' lang='lat' dir='ltr'>minores,</span> <span class='ocrx_word' id='word_1_143' title='bbox 882 1545 1180 1583; x_wconf 86' lang='lat' dir='ltr'>endocbromate</span> <span class='ocrx_word' id='word_1_144' title='bbox 1212 1546 1402 1591; x_wconf 76' lang='lat' dir='ltr'>coloratae,</span> <span class='ocrx_word' id='word_1_145' title='bbox 1433 1541 1595 1591; x_wconf 84' lang='lat' dir='ltr'>simplici</span> 
     </span>
     <span class='ocr_line' id='line_1_22' title="bbox 73 1611 1595 1666; baseline -0.008 -9"><span class='ocrx_word' id='word_1_146' title='bbox 73 1619 171 1658; x_wconf 89' lang='lat' dir='ltr'>serie</span> <span class='ocrx_word' id='word_1_147' title='bbox 209 1616 412 1666; x_wconf 62' lang='lat' dir='ltr'>dispositae,</span> <span class='ocrx_word' id='word_1_148' title='bbox 449 1618 564 1653; x_wconf 87' lang='lat' dir='ltr'>strato</span> <span class='ocrx_word' id='word_1_149' title='bbox 605 1614 751 1662; x_wconf 68' lang='lat' dir='ltr'>byalino</span> <span class='ocrx_word' id='word_1_150' title='bbox 784 1614 865 1663; x_wconf 87' lang='lat' dir='ltr'>plus</span> <span class='ocrx_word' id='word_1_151' title='bbox 896 1612 1020 1650; x_wconf 86' lang='lat' dir='ltr'>minus</span> <span class='ocrx_word' id='word_1_152' title='bbox 1052 1612 1216 1649; x_wconf 81' lang='lat' dir='ltr'>evidenti</span> <span class='ocrx_word' id='word_1_153' title='bbox 1248 1611 1459 1659; x_wconf 85' lang='lat' dir='ltr'>gelatinoso</span> <span class='ocrx_word' id='word_1_154' title='bbox 1491 1612 1595 1646; x_wconf 80' lang='lat' dir='ltr'>extus</span> 
     </span>
     <span class='ocr_line' id='line_1_23' title="bbox 73 1692 509 1731; baseline -0.007 -4"><span class='ocrx_word' id='word_1_155' title='bbox 73 1692 189 1727; x_wconf 82' lang='lat' dir='ltr'>tectae.</span> <span class='ocrx_word' id='word_1_156' title='bbox 503 1725 509 1731; x_wconf 75' lang='grc'><strong>,</strong></span> 
     </span>
    </p>

    <p class='ocr_par' dir='ltr' id='par_1_4' title="bbox 74 1746 1597 2207">
     <span class='ocr_line' id='line_1_24' title="bbox 183 1746 1595 1803; baseline -0.006 -11"><span class='ocrx_word' id='word_1_157' title='bbox 183 1753 476 1803; x_wconf 83' lang='lat' dir='ltr'>Diapbragmata,</span> <span class='ocrx_word' id='word_1_158' title='bbox 517 1750 653 1800; x_wconf 89' lang='lat' dir='ltr'>quibus</span> <span class='ocrx_word' id='word_1_159' title='bbox 697 1749 805 1787; x_wconf 89' lang='lat' dir='ltr'>tubus</span> <span class='ocrx_word' id='word_1_160' title='bbox 843 1749 1014 1786; x_wconf 88' lang='lat' dir='ltr'>internus</span> <span class='ocrx_word' id='word_1_161' title='bbox 1046 1749 1082 1786; x_wconf 95' lang='lat' dir='ltr'>in</span> <span class='ocrx_word' id='word_1_162' title='bbox 1117 1749 1261 1786; x_wconf 91' lang='lat' dir='ltr'>loculos</span> <span class='ocrx_word' id='word_1_163' title='bbox 1291 1746 1483 1796; x_wconf 82' lang='lat' dir='ltr'>dividitur,</span> <span class='ocrx_word' id='word_1_164' title='bbox 1514 1747 1595 1783; x_wconf 92' lang='lat' dir='ltr'>cel-</span> 
     </span>
     <span class='ocr_line' id='line_1_25' title="bbox 74 1815 1596 1868; baseline -0.007 -7"><span class='ocrx_word' id='word_1_165' title='bbox 74 1824 159 1861; x_wconf 88' lang='lat' dir='ltr'>lulis</span> <span class='ocrx_word' id='word_1_166' title='bbox 190 1822 296 1859; x_wconf 92' lang='lat' dir='ltr'>unica</span> <span class='ocrx_word' id='word_1_167' title='bbox 328 1821 428 1857; x_wconf 85' lang='lat' dir='ltr'>serie</span> <span class='ocrx_word' id='word_1_168' title='bbox 458 1818 648 1868; x_wconf 83' lang='lat' dir='ltr'>dispositis</span> <span class='ocrx_word' id='word_1_169' title='bbox 680 1821 862 1856; x_wconf 87' lang='lat' dir='ltr'>constant.</span> <span class='ocrx_word' id='word_1_170' title='bbox 897 1820 935 1854; x_wconf 93' lang='lat' dir='ltr'>ln</span> <span class='ocrx_word' id='word_1_171' title='bbox 954 1818 1060 1854; x_wconf 83' lang='lat' dir='ltr'>caule</span> <span class='ocrx_word' id='word_1_172' title='bbox 1091 1816 1214 1854; x_wconf 89' lang='lat' dir='ltr'>solido</span> <span class='ocrx_word' id='word_1_173' title='bbox 1233 1815 1596 1852; x_wconf 73' lang='lat' dir='ltr'>cenulaeinteriores</span> 
     </span>
     <span class='ocr_line' id='line_1_26' title="bbox 75 1882 1597 1937; baseline -0.008 -8"><span class='ocrx_word' id='word_1_174' title='bbox 75 1891 247 1937; x_wconf 60' lang='lat' dir='ltr'>oblongae</span> <span class='ocrx_word' id='word_1_175' title='bbox 278 1888 484 1936; x_wconf 79' lang='lat' dir='ltr'>longiores,</span> <span class='ocrx_word' id='word_1_176' title='bbox 525 1885 778 1923; x_wconf 72' lang='lat' dir='ltr'>exterioribus</span> <span class='ocrx_word' id='word_1_177' title='bbox 808 1884 927 1932; x_wconf 87' lang='lat' dir='ltr'>magis</span> <span class='ocrx_word' id='word_1_178' title='bbox 960 1884 1167 1923; x_wconf 83' lang='lat' dir='ltr'>rotundatis</span> <span class='ocrx_word' id='word_1_179' title='bbox 1200 1882 1448 1920; x_wconf 85' lang='lat' dir='ltr'>brevioribus.</span> <span class='ocrx_word' id='word_1_180' title='bbox 1510 1882 1597 1929; x_wconf 85' lang='lat' dir='ltr'>Fila,</span> 
     </span>
     <span class='ocr_line' id='line_1_27' title="bbox 75 1949 1597 2007; baseline -0.007 -13"><span class='ocrx_word' id='word_1_181' title='bbox 75 1969 156 2007; x_wconf 83' lang='lat' dir='ltr'>quae</span> <span class='ocrx_word' id='word_1_182' title='bbox 196 1955 324 1993; x_wconf 83' lang='lat' dir='ltr'>tubum</span> <span class='ocrx_word' id='word_1_183' title='bbox 365 1955 586 1992; x_wconf 84' lang='lat' dir='ltr'>interiorem</span> <span class='ocrx_word' id='word_1_184' title='bbox 629 1964 738 1990; x_wconf 84' lang='lat' dir='ltr'>secus</span> <span class='ocrx_word' id='word_1_185' title='bbox 778 1953 940 2001; x_wconf 86' lang='lat' dir='ltr'>parietes</span> <span class='ocrx_word' id='word_1_186' title='bbox 981 1954 1222 2001; x_wconf 86' lang='lat' dir='ltr'>percurrunt,</span> <span class='ocrx_word' id='word_1_187' title='bbox 1265 1950 1409 1987; x_wconf 87' lang='lat' dir='ltr'>cellulis</span> <span class='ocrx_word' id='word_1_188' title='bbox 1441 1949 1597 1996; x_wconf 76' lang='lat' dir='ltr'>singulis</span> 
     </span>
     <span class='ocr_line' id='line_1_28' title="bbox 76 2017 1596 2074; baseline -0.006 -12"><span class='ocrx_word' id='word_1_189' title='bbox 76 2024 298 2074; x_wconf 86' lang='lat' dir='ltr'>rotundatis,</span> <span class='ocrx_word' id='word_1_190' title='bbox 343 2023 528 2060; x_wconf 88' lang='lat' dir='ltr'>diametro</span> <span class='ocrx_word' id='word_1_191' title='bbox 568 2022 616 2058; x_wconf 86' lang='lat' dir='ltr'>fili</span> <span class='ocrx_word' id='word_1_192' title='bbox 658 2020 774 2069; x_wconf 87' lang='lat' dir='ltr'>duplo</span> <span class='ocrx_word' id='word_1_193' title='bbox 819 2023 855 2056; x_wconf 88' lang='lat' dir='ltr'>et</span> <span class='ocrx_word' id='word_1_194' title='bbox 899 2021 991 2057; x_wconf 88' lang='lat' dir='ltr'>ultra</span> <span class='ocrx_word' id='word_1_195' title='bbox 1037 2018 1283 2056; x_wconf 87' lang='lat' dir='ltr'>crassioribus</span> <span class='ocrx_word' id='word_1_196' title='bbox 1329 2017 1447 2055; x_wconf 86' lang='lat' dir='ltr'>obsita</span> <span class='ocrx_word' id='word_1_197' title='bbox 1493 2021 1596 2065; x_wconf 82' lang='lat' dir='ltr'>sunt3</span> 
     </span>
     <span class='ocr_line' id='line_1_29' title="bbox 77 2084 1597 2139; baseline -0.006 -9"><span class='ocrx_word' id='word_1_198' title='bbox 77 2093 218 2130; x_wconf 79' lang='lat' dir='ltr'>cellulae</span> <span class='ocrx_word' id='word_1_199' title='bbox 261 2091 337 2128; x_wconf 80' lang='lat' dir='ltr'>istae</span> <span class='ocrx_word' id='word_1_200' title='bbox 381 2090 486 2127; x_wconf 90' lang='lat' dir='ltr'>initio</span> <span class='ocrx_word' id='word_1_201' title='bbox 520 2089 659 2139; x_wconf 71' lang='lat' dir='ltr'>libera),</span> <span class='ocrx_word' id='word_1_202' title='bbox 701 2089 854 2126; x_wconf 89' lang='lat' dir='ltr'>demum</span> <span class='ocrx_word' id='word_1_203' title='bbox 899 2089 1024 2126; x_wconf 84' lang='lat' dir='ltr'>forsan</span> <span class='ocrx_word' id='word_1_204' title='bbox 1069 2098 1153 2124; x_wconf 88' lang='lat' dir='ltr'>cum</span> <span class='ocrx_word' id='word_1_205' title='bbox 1199 2090 1314 2124; x_wconf 87' lang='lat' dir='ltr'>strato</span> <span class='ocrx_word' id='word_1_206' title='bbox 1358 2084 1597 2135; x_wconf 88' lang='lat' dir='ltr'>peripberico</span> 
     </span>
     <span class='ocr_line' id='line_1_30' title="bbox 78 2154 1312 2207; baseline -0.005 -10"><span class='ocrx_word' id='word_1_207' title='bbox 78 2161 353 2207; x_wconf 86' lang='lat' dir='ltr'>coalescentes;</span> <span class='ocrx_word' id='word_1_208' title='bbox 385 2158 662 2207; x_wconf 80' lang='lat' dir='ltr'>spbaerosporas</span> <span class='ocrx_word' id='word_1_209' title='bbox 694 2158 729 2194; x_wconf 92' lang='lat' dir='ltr'>in</span> <span class='ocrx_word' id='word_1_210' title='bbox 762 2157 815 2193; x_wconf 89' lang='lat' dir='ltr'>bis</span> <span class='ocrx_word' id='word_1_211' title='bbox 847 2154 990 2193; x_wconf 88' lang='lat' dir='ltr'>cellulis</span> <span class='ocrx_word' id='word_1_212' title='bbox 1022 2155 1174 2192; x_wconf 86' lang='lat' dir='ltr'>formari</span> <span class='ocrx_word' id='word_1_213' title='bbox 1209 2158 1312 2203; x_wconf 91' lang='lat' dir='ltr'>puto.</span> 
     </span>
    </p>

    <p class='ocr_par' dir='ltr' id='par_1_5' title="bbox 78 2220 1600 2950">
     <span class='ocr_line' id='line_1_31' title="bbox 187 2220 1597 2272; baseline -0.005 -9"><span class='ocrx_word' id='word_1_214' title='bbox 187 2225 397 2263; x_wconf 83' lang='lat' dir='ltr'>Keramidia</span> <span class='ocrx_word' id='word_1_215' title='bbox 429 2225 466 2262; x_wconf 92' lang='lat' dir='ltr'>in</span> <span class='ocrx_word' id='word_1_216' title='bbox 494 2224 605 2261; x_wconf 83' lang='lat' dir='ltr'>ramis</span> <span class='ocrx_word' id='word_1_217' title='bbox 622 2225 850 2272; x_wconf 87' lang='lat' dir='ltr'>ramulisque</span> <span class='ocrx_word' id='word_1_218' title='bbox 867 2235 992 2272; x_wconf 86' lang='lat' dir='ltr'>sparsa</span> <span class='ocrx_word' id='word_1_219' title='bbox 1010 2225 1333 2271; x_wconf 83' lang='lat' dir='ltr'>autaggregata,a</span> <span class='ocrx_word' id='word_1_220' title='bbox 1353 2223 1457 2270; x_wconf 88' lang='lat' dir='ltr'>parte</span> <span class='ocrx_word' id='word_1_221' title='bbox 1475 2220 1597 2258; x_wconf 83' lang='lat' dir='ltr'>inflata</span> 
     </span>
     <span class='ocr_line' id='line_1_32' title="bbox 78 2291 1599 2342; baseline -0.005 -10"><span class='ocrx_word' id='word_1_222' title='bbox 78 2293 223 2332; x_wconf 84' lang='lat' dir='ltr'>frondis</span> <span class='ocrx_word' id='word_1_223' title='bbox 261 2293 421 2342; x_wconf 87' lang='lat' dir='ltr'>evoluta,</span> <span class='ocrx_word' id='word_1_224' title='bbox 459 2303 558 2330; x_wconf 87' lang='lat' dir='ltr'>nunc</span> <span class='ocrx_word' id='word_1_225' title='bbox 597 2293 676 2330; x_wconf 88' lang='lat' dir='ltr'>fere</span> <span class='ocrx_word' id='word_1_226' title='bbox 709 2292 889 2341; x_wconf 83' lang='lat' dir='ltr'>spbaerice</span> <span class='ocrx_word' id='word_1_227' title='bbox 920 2291 1187 2341; x_wconf 84' lang='lat' dir='ltr'>prominentia,</span> <span class='ocrx_word' id='word_1_228' title='bbox 1219 2301 1319 2327; x_wconf 88' lang='lat' dir='ltr'>nunc</span> <span class='ocrx_word' id='word_1_229' title='bbox 1350 2293 1468 2338; x_wconf 84' lang='lat' dir='ltr'>ovata,</span> <span class='ocrx_word' id='word_1_230' title='bbox 1498 2299 1599 2326; x_wconf 89' lang='lat' dir='ltr'>nunc</span> 
     </span>
     <span class='ocr_line' id='line_1_33' title="bbox 80 2357 1598 2410; baseline -0.006 -11"><span class='ocrx_word' id='word_1_231' title='bbox 80 2362 139 2409; x_wconf 83' lang='lat' dir='ltr'>(in</span> <span class='ocrx_word' id='word_1_232' title='bbox 169 2360 296 2410; x_wconf 86' lang='lat' dir='ltr'>specie</span> <span class='ocrx_word' id='word_1_233' title='bbox 328 2359 476 2407; x_wconf 87' lang='lat' dir='ltr'>generis</span> <span class='ocrx_word' id='word_1_234' title='bbox 510 2360 670 2406; x_wconf 85' lang='lat' dir='ltr'>incerta)</span> <span class='ocrx_word' id='word_1_235' title='bbox 703 2361 781 2397; x_wconf 87' lang='lat' dir='ltr'>fere</span> <span class='ocrx_word' id='word_1_236' title='bbox 814 2359 938 2397; x_wconf 89' lang='lat' dir='ltr'>frondi</span> <span class='ocrx_word' id='word_1_237' title='bbox 971 2359 1157 2396; x_wconf 87' lang='lat' dir='ltr'>immersa.</span> <span class='ocrx_word' id='word_1_238' title='bbox 1202 2357 1456 2406; x_wconf 81' lang='lat' dir='ltr'>Pericarpium</span> <span class='ocrx_word' id='word_1_239' title='bbox 1483 2357 1598 2393; x_wconf 84' lang='lat' dir='ltr'>strato</span> 
     </span>
     <span class='ocr_line' id='line_1_34' title="bbox 79 2425 1599 2476; baseline -0.004 -10"><span class='ocrx_word' id='word_1_240' title='bbox 79 2428 225 2466; x_wconf 86' lang='lat' dir='ltr'>frondis</span> <span class='ocrx_word' id='word_1_241' title='bbox 256 2426 446 2464; x_wconf 71' lang='lat' dir='ltr'>exteriore</span> <span class='ocrx_word' id='word_1_242' title='bbox 476 2427 688 2476; x_wconf 87' lang='lat' dir='ltr'>subduplici</span> <span class='ocrx_word' id='word_1_243' title='bbox 721 2428 935 2476; x_wconf 81' lang='lat' dir='ltr'>conflatum,</span> <span class='ocrx_word' id='word_1_244' title='bbox 968 2425 1236 2475; x_wconf 86' lang='lat' dir='ltr'>carpostomio,</span> <span class='ocrx_word' id='word_1_245' title='bbox 1255 2425 1292 2462; x_wconf 91' lang='lat' dir='ltr'>ni</span> <span class='ocrx_word' id='word_1_246' title='bbox 1311 2425 1420 2462; x_wconf 84' lang='lat' dir='ltr'>fallor</span> <span class='ocrx_word' id='word_1_247' title='bbox 1435 2434 1599 2473; x_wconf 85' lang='lat' dir='ltr'>semper,</span> 
     </span>
     <span class='ocr_line' id='line_1_35' title="bbox 79 2490 1597 2544; baseline -0.005 -10"><span class='ocrx_word' id='word_1_248' title='bbox 79 2497 232 2534; x_wconf 88' lang='lat' dir='ltr'>demum</span> <span class='ocrx_word' id='word_1_249' title='bbox 265 2497 471 2544; x_wconf 82' lang='lat' dir='ltr'>pertusum.</span> <span class='ocrx_word' id='word_1_250' title='bbox 540 2495 701 2533; x_wconf 88' lang='lat' dir='ltr'>Nucleus</span> <span class='ocrx_word' id='word_1_251' title='bbox 730 2495 900 2543; x_wconf 85' lang='lat' dir='ltr'>placenta</span> <span class='ocrx_word' id='word_1_252' title='bbox 931 2493 1044 2530; x_wconf 86' lang='lat' dir='ltr'>basali</span> <span class='ocrx_word' id='word_1_253' title='bbox 1077 2494 1158 2542; x_wconf 83' lang='lat' dir='ltr'>plus</span> <span class='ocrx_word' id='word_1_254' title='bbox 1188 2492 1313 2530; x_wconf 89' lang='lat' dir='ltr'>minus</span> <span class='ocrx_word' id='word_1_255' title='bbox 1344 2493 1482 2529; x_wconf 82' lang='lat' dir='ltr'>elevata</span> <span class='ocrx_word' id='word_1_256' title='bbox 1515 2490 1597 2527; x_wconf 86' lang='lat' dir='ltr'>suf-</span> 
     </span>
     <span class='ocr_line' id='line_1_36' title="bbox 80 2558 1598 2613; baseline -0.003 -14"><span class='ocrx_word' id='word_1_257' title='bbox 80 2563 206 2613; x_wconf 84' lang='lat' dir='ltr'>fultus,</span> <span class='ocrx_word' id='word_1_258' title='bbox 246 2561 404 2599; x_wconf 86' lang='lat' dir='ltr'>reticulo</span> <span class='ocrx_word' id='word_1_259' title='bbox 445 2562 592 2600; x_wconf 81' lang='lat' dir='ltr'>filorum</span> <span class='ocrx_word' id='word_1_260' title='bbox 631 2562 992 2600; x_wconf 83' lang='lat' dir='ltr'>anastomosantium</span> <span class='ocrx_word' id='word_1_261' title='bbox 1035 2561 1191 2609; x_wconf 88' lang='lat' dir='ltr'>cinctus,</span> <span class='ocrx_word' id='word_1_262' title='bbox 1231 2559 1349 2596; x_wconf 83' lang='lat' dir='ltr'>canali</span> <span class='ocrx_word' id='word_1_263' title='bbox 1381 2558 1424 2596; x_wconf 85' lang='lat' dir='ltr'>ad</span> <span class='ocrx_word' id='word_1_264' title='bbox 1458 2569 1598 2606; x_wconf 88' lang='lat' dir='ltr'>carpo-</span> 
     </span>
     <span class='ocr_line' id='line_1_37' title="bbox 80 2625 1598 2676; baseline -0.005 -8"><span class='ocrx_word' id='word_1_265' title='bbox 80 2630 257 2669; x_wconf 85' lang='lat' dir='ltr'>stomium</span> <span class='ocrx_word' id='word_1_266' title='bbox 297 2629 458 2667; x_wconf 87' lang='lat' dir='ltr'>ducente</span> <span class='ocrx_word' id='word_1_267' title='bbox 500 2629 651 2667; x_wconf 88' lang='lat' dir='ltr'>demum</span> <span class='ocrx_word' id='word_1_268' title='bbox 691 2630 879 2667; x_wconf 89' lang='lat' dir='ltr'>liberatus.</span> <span class='ocrx_word' id='word_1_269' title='bbox 948 2629 1021 2666; x_wconf 82' lang='lat' dir='ltr'>Fila</span> <span class='ocrx_word' id='word_1_270' title='bbox 1058 2626 1335 2676; x_wconf 84' lang='lat' dir='ltr'>gemmidiifera</span> <span class='ocrx_word' id='word_1_271' title='bbox 1373 2636 1392 2661; x_wconf 85' lang='lat' dir='ltr'>a</span> <span class='ocrx_word' id='word_1_272' title='bbox 1430 2625 1598 2673; x_wconf 89' lang='lat' dir='ltr'>placenta</span> 
     </span>
     <span class='ocr_line' id='line_1_38' title="bbox 82 2691 1598 2748; baseline -0.006 -12"><span class='ocrx_word' id='word_1_273' title='bbox 82 2698 313 2746; x_wconf 77' lang='lat' dir='ltr'>egredientia</span> <span class='ocrx_word' id='word_1_274' title='bbox 352 2697 486 2746; x_wconf 84' lang='lat' dir='ltr'>saepius</span> <span class='ocrx_word' id='word_1_275' title='bbox 522 2696 748 2748; x_wconf 86' lang='lat' dir='ltr'>abbreviata,</span> <span class='ocrx_word' id='word_1_276' title='bbox 790 2708 889 2734; x_wconf 88' lang='lat' dir='ltr'>nunc</span> <span class='ocrx_word' id='word_1_277' title='bbox 927 2696 980 2742; x_wconf 89' lang='lat' dir='ltr'>(L.</span> <span class='ocrx_word' id='word_1_278' title='bbox 1013 2694 1183 2745; x_wconf 86' lang='lat' dir='ltr'>parvula)</span> <span class='ocrx_word' id='word_1_279' title='bbox 1217 2694 1403 2743; x_wconf 87' lang='lat' dir='ltr'>elongata,</span> <span class='ocrx_word' id='word_1_280' title='bbox 1435 2692 1472 2729; x_wconf 90' lang='lat' dir='ltr'>in</span> <span class='ocrx_word' id='word_1_281' title='bbox 1504 2691 1598 2729; x_wconf 88' lang='lat' dir='ltr'>arti-</span> 
     </span>
     <span class='ocr_line' id='line_1_39' title="bbox 82 2757 1597 2812; baseline -0.007 -9"><span class='ocrx_word' id='word_1_282' title='bbox 82 2766 175 2803; x_wconf 88' lang='lat' dir='ltr'>culis</span> <span class='ocrx_word' id='word_1_283' title='bbox 212 2764 472 2803; x_wconf 84' lang='lat' dir='ltr'>terminalibus</span> <span class='ocrx_word' id='word_1_284' title='bbox 510 2765 711 2812; x_wconf 85' lang='lat' dir='ltr'>gemmidia</span> <span class='ocrx_word' id='word_1_285' title='bbox 755 2765 912 2802; x_wconf 84' lang='lat' dir='ltr'>obovata</span> <span class='ocrx_word' id='word_1_286' title='bbox 950 2767 1013 2801; x_wconf 91' lang='lat' dir='ltr'>aut</span> <span class='ocrx_word' id='word_1_287' title='bbox 1051 2763 1174 2812; x_wconf 87' lang='lat' dir='ltr'>potius</span> <span class='ocrx_word' id='word_1_288' title='bbox 1207 2760 1389 2798; x_wconf 87' lang='lat' dir='ltr'>obconica</span> <span class='ocrx_word' id='word_1_289' title='bbox 1422 2757 1597 2796; x_wconf 81' lang='lat' dir='ltr'>foventia.</span> 
     </span>
     <span class='ocr_line' id='line_1_40' title="bbox 82 2826 1599 2881; baseline -0.005 -11"><span class='ocrx_word' id='word_1_290' title='bbox 82 2833 357 2881; x_wconf 78' lang='lat' dir='ltr'>Spbaerosporae</span> <span class='ocrx_word' id='word_1_291' title='bbox 395 2831 477 2869; x_wconf 89' lang='lat' dir='ltr'>sine</span> <span class='ocrx_word' id='word_1_292' title='bbox 517 2831 652 2869; x_wconf 89' lang='lat' dir='ltr'>ordine</span> <span class='ocrx_word' id='word_1_293' title='bbox 694 2832 929 2881; x_wconf 86' lang='lat' dir='ltr'>perceptibili</span> <span class='ocrx_word' id='word_1_294' title='bbox 974 2830 1177 2879; x_wconf 83' lang='lat' dir='ltr'>dispositae,</span> <span class='ocrx_word' id='word_1_295' title='bbox 1221 2829 1257 2865; x_wconf 92' lang='lat' dir='ltr'>in</span> <span class='ocrx_word' id='word_1_296' title='bbox 1300 2827 1452 2865; x_wconf 89' lang='lat' dir='ltr'>ramulis</span> <span class='ocrx_word' id='word_1_297' title='bbox 1481 2826 1599 2863; x_wconf 75' lang='lat' dir='ltr'>laxius</span> 
     </span>
     <span class='ocr_line' id='line_1_41' title="bbox 83 2892 1600 2950; baseline -0.006 -12"><span class='ocrx_word' id='word_1_298' title='bbox 83 2912 217 2950; x_wconf 84' lang='lat' dir='ltr'>sparsae</span> <span class='ocrx_word' id='word_1_299' title='bbox 258 2904 320 2938; x_wconf 85' lang='lat' dir='ltr'>aut</span> <span class='ocrx_word' id='word_1_300' title='bbox 361 2901 584 2950; x_wconf 87' lang='lat' dir='ltr'>plerumque</span> <span class='ocrx_word' id='word_1_301' title='bbox 628 2899 781 2937; x_wconf 88' lang='lat' dir='ltr'>densius</span> <span class='ocrx_word' id='word_1_302' title='bbox 823 2899 933 2937; x_wconf 86' lang='lat' dir='ltr'>certis</span> <span class='ocrx_word' id='word_1_303' title='bbox 974 2898 1066 2935; x_wconf 88' lang='lat' dir='ltr'>locis</span> <span class='ocrx_word' id='word_1_304' title='bbox 1109 2899 1327 2945; x_wconf 74' lang='lat' dir='ltr'>aggregatae,</span> <span class='ocrx_word' id='word_1_305' title='bbox 1371 2893 1408 2931; x_wconf 90' lang='lat' dir='ltr'>in</span> <span class='ocrx_word' id='word_1_306' title='bbox 1454 2892 1600 2931; x_wconf 90' lang='lat' dir='ltr'>cellulis</span> 
     </span>
    </p>
   </div>
  </div>
 </body>
</html>
