1728 3110
66 87 404 139 Acanthophmw.
686 82 969 125 RnononELEAE.
1501 86 1524 125 8
1539 85 1555 125 1
1568 88 1590 127 5

65 229 161 254 vero
207 215 463 253 verticillatae
510 218 601 252 sunt
645 215 952 266 sphaerosporae,
992 216 1088 254 licet
1118 217 1170 255 ob
1202 221 1368 255 stratum
1401 219 1594 256 corticale

66 281 242 324 densius,
274 281 402 332 magis
434 281 676 319 inordinat-te
708 281 941 332 adpurennt.
1016 309 1021 311 -
1060 283 1148 321 Alia
1182 284 1412 322 different-ia
1441 285 1480 323 in
1505 299 1593 337 par-

64 349 163 387 tium
195 347 524 398 Acanthophorae
556 346 793 385 evolutione
823 348 985 385 axillari
1017 350 1115 386 inihi
1147 350 1326 399 videtur;
1366 363 1444 401 qua
1479 351 1523 389 fit
1553 356 1596 389 ut

65 414 192 466 spinae
224 413 477 451 functionem
509 414 711 463 quandam
746 413 833 451 folii
866 414 1093 464 plantarum
1126 417 1378 467 superiorum
1411 418 1487 456 sibi
1506 417 1592 455 vin-

65 480 213 525 dicant,
261 484 301 517 et
345 478 498 517 fructus
530 479 568 516 in
603 479 727 516 axilla
763 479 845 517 nati
878 481 990 529 quasi
1023 483 1199 531 speciem
1232 484 1356 534 partis
1388 484 1436 522 ad
1471 483 1590 522 finem

66 547 142 585 sibi
175 546 383 598 proprium
417 546 591 584 evoluta¹
624 550 664 584 et
694 546 992 584 transformatae
1022 555 1273 599 recuperant.

175 614 228 653 Ut
272 614 313 652 in
360 613 666 664 Polysiphonia,
713 613 768 650 ita
799 625 961 664 quoque
992 618 1126 664 partes
1151 615 1356 664 juveniles
1387 616 1590 655 Acantho-

63 681 202 733 phorae
247 680 442 719 fasciculo
491 680 649 718 filorum
696 680 1001 718 articulatorum
1048 685 1261 719 coronatas
1306 682 1402 721 vidi.
1462 684 1589 721 Frons

65 747 230 786 omnino
276 746 531 784 inarticulata
581 746 846 797 plurimarum
887 746 1129 797 specierum,
1162 746 1201 784 in
1235 747 1305 785 Ae.
1336 749 1504 787 arborea
1536 750 1591 787 ita

63 819 228 860 mutata,
275 818 317 852 ut
361 814 488 865 spinae
533 813 757 851 articulatae
790 819 829 850 et
860 812 1159 864 polysiplioniae
1190 819 1448 864 generentur.
1508 814 1589 853 An-

62 880 208 918 teridia
238 880 417 918 nondum
444 879 540 917 vidi.

172 947 314 994 Quoad
346 947 496 984 limites
528 946 703 998 generis,
742 946 880 984 habitu
907 946 991 994 jam
1025 945 1219 992 distincti,
1253 947 1363 984 nulla
1394 947 1479 985 fere
1510 960 1591 984 am-

62 1015 251 1066 biguitas.
327 1014 514 1066 Speciem
563 1018 695 1051 tamen
736 1026 757 1050 a
792 1013 976 1051 Sondero
1010 1013 1151 1064 generi
1183 1015 1364 1060 relatam,
1397 1013 1592 1052 fructibus

62 1081 161 1120 mihi
205 1081 356 1132 ignotis
402 1080 581 1125 dubiam,
628 1081 680 1119 ob
726 1080 1043 1131 descriptionem
1091 1093 1114 1116 a.
1159 1080 1344 1119 Sondero
1377 1081 1508 1119 datam
1542 1081 1590 1119 ad

62 1147 395 1199 Polysiphoniam
429 1147 562 1185 retuli.
625 1146 890 1185 characteres
930 1147 1036 1196 quod
1071 1147 1215 1185 attinet
1245 1147 1419 1198 generis,
1451 1160 1468 1184 a
1504 1148 1591 1185 fun—

63 1215 203 1253 datore
235 1218 275 1252 et
306 1214 343 1251 ei
376 1213 576 1265 proximis
607 1213 810 1264 algologis
842 1226 922 1251 non
956 1213 1012 1250 ita
1043 1226 1131 1250 esse
1162 1213 1303 1251 ductos
1333 1226 1379 1251 ac
1397 1213 1593 1252 hodierna

62 1281 241 1333 postulat
284 1281 469 1327 scientia,
514 1280 634 1317 facile
681 1279 945 1330 conjiciatur3
976 1291 1052 1317 nec
1082 1279 1227 1317 mirum
1260 1279 1292 1316 si
1325 1280 1374 1318 de
1404 1279 1593 1331 proxima

62 1347 260 1386 affinitate
304 1348 423 1385 aliter
464 1359 582 1397 quam
616 1346 801 1385 hodierni
830 1347 1080 1396 judicarunt.
1140 1347 1413 1392 Lmnouroux,
1453 1346 1590 1384 habitu

62 1415 316 1467 potissimum
357 1416 513 1461 ductus,
545 1415 729 1467 Hypneae
761 1414 993 1466 proximum
1025 1426 1152 1465 genus
1183 1414 1368 1452 credidit.
1428 1413 1592 1465 Agardh

63 1486 104 1519 et
147 1481 330 1520 Greville
376 1481 595 1521 Chondriae
644 1482 779 1519 affine.
854 1482 958 1532 Ipse.
1005 1481 1045 1518 ni
1092 1480 1211 1519 fallor
1256 1481 1423 1532 primus,
1468 1492 1592 1531 genus

63 1547 356 1587 Rhodomeleis
387 1548 520 1586 retuli.
563 1548 741 1599 Kiitzing
771 1548 954 1599 analysin
989 1547 1102 1586 dedit
1132 1550 1355 1592 structurae,
1384 1546 1593 1596 quammi-

63 1628 136 1652 nus
183 1614 304 1652 fidam
350 1619 500 1653 nostrae
545 1615 716 1653 suadent
762 1614 1090 1663 observationes;
1123 1613 1373 1652 sectionibus
1405 1612 1592 1650 nimirum

64 1680 195 1718 minus
240 1680 417 1718 feliciter
462 1675 606 1725 ductis,
654 1685 695 1718 ut
738 1684 936 1732 putarem,
970 1680 1165 1731 deceptus
1196 1684 1320 1718 totam
1357 1682 1593 1716 structuram

63 1746 392 1798 polysiphoniam
440 1747 677 1786 interiorem
723 1746 996 1797 praetermisit,
1042 1751 1082 1784 et
1112 1750 1279 1783 stratum
1311 1744 1490 1783 exterius
1522 1756 1593 1794 pro

64 1814 258 1852 interiore
289 1815 456 1860 habens,
488 1814 656 1852 cellulas
688 1814 935 1851 medullares
954 1813 1147 1852 rotundas
1165 1811 1391 1863 descripsit.
1433 1811 1593 1860 Harvey

65 1883 304 1918 structuram
337 1880 512 1919 feliciori
546 1893 666 1917 manu
698 1879 902 1931 exposuit.

177 1947 345 2000 Species
393 1947 674 1998 maximopere
719 1946 885 1994 similes,
933 1946 1109 1983 invicem
1159 1946 1228 1982 vix
1274 1944 1352 1982 nisi
1399 1942 1593 1980 fructibus

66 1998 378 2064 distinguantur.
438 2013 511 2051 His
556 2012 799 2052 ducentibus
831 2013 989 2063 species
1020 2012 1207 2051 nonullas
1238 2024 1363 2050 novas
1394 2010 1471 2048 hoc
1504 2009 1592 2046 loco

65 2081 281 2132 proposui;
319 2081 471 2118 fructus
503 2080 686 2118 diversos
718 2079 750 2116 si
783 2079 873 2128 quis
906 2080 956 2118 ab
989 2083 1109 2117 aetate
1140 2078 1365 2129 pendentes
1397 2075 1592 2119 crederet,

66 2148 282 2186 observare
317 2148 439 2193 lubet,
470 2147 650 2198 plantam
682 2146 879 2185 fructibus
913 2145 1079 2184 maturis
1111 2145 1361 2190 instructam,
1387 2141 1592 2193 juveniles

66 2225 228 2264 quoque
273 2214 315 2251 in
357 2218 471 2265 parte
503 2214 713 2265 superiore
745 2213 986 2265 plerumque
1019 2225 1175 2264 gerere,
1208 2212 1313 2249 unde
1344 2206 1592 2248 differentias

66 2281 196 2319 aetatis
241 2281 318 2320 hoc
364 2281 484 2320 inodo
516 2281 729 2333 percipere
762 2282 899 2318 licere.
961 2280 1019 2326 Si,
1050 2283 1134 2318 tota
1166 2279 1271 2316 serie
1304 2276 1418 2315 unius
1452 2275 1592 2312 sormae

67 2358 157 2384 cum
188 2347 316 2385 altera
347 2347 425 2386 hoc
455 2348 577 2386 modo
609 2351 855 2398 comparata,
900 2345 1000 2384 nulli
1034 2343 1237 2383 observati
1268 2342 1429 2380 fuerunt
1466 2344 1592 2376 trans-

67 2414 158 2461 itus,
205 2415 456 2454 differentias
502 2429 583 2455 non
629 2415 678 2454 ab
711 2419 829 2453 aetate
861 2413 1054 2466 pendere,
1088 2411 1185 2449 inihi
1216 2410 1345 2447 visum
1376 2410 1436 2444 est
1465 2403 1592 2454 sequi.

331 2537 558 2576 SPECIES
590 2536 701 2576 HOC
732 2534 888 2574 MODO
921 2529 1333 2572 DISPONANTUR:

213 2615 235 2639 *⁴
266 2613 433 2657 Fronde
462 2620 548 2657 tota
580 2630 704 2668 nsque
734 2614 791 2655 ad
820 2613 958 2664 apices
987 2611 1204 2661 spinarum
1236 2606 1447 2647 corticata.

160 2695 187 2748 †
218 2693 351 2735 Rame'
378 2692 585 2735 ‹aflaonedosz'
613 2694 824 2745 spinisque
852 2687 1111 2740 simplicibus
1139 2685 1305 2736 sparsis
1336 2682 1505 2723 armati.

70 2775 343 2819 Sphaerosporis
380 2776 417 2806 in
451 2774 598 2806 ramulo
636 2775 700 2805 v1x
738 2771 1003 2805 transformato
1043 2764 1114 2809 spi-

162 2844 253 2866 noso
280 2833 441 2866 evolutis
469 2847 1118 2864 ...................
1167 2821 1198 2854 1.
1224 2821 1290 2854 Ae.
1316 2829 1519 2853 Muscomzs.
