1728 3110
53 146 362 199 Ροῖῃεὴῆιοηὶα.
655 136 816 178 Ruonon
824 150 939 178 ELEAE.
1444 132 1497 173 ’10
1507 134 1529 173 5
1541 132 1565 173 9

52 283 169 317 usque
196 271 356 315 pedales,
393 270 463 302 filis
489 270 632 303 inferne
661 269 813 301 setaceis
840 271 903 300 aut
931 268 1005 299 sere
1033 278 1191 311 pennam
1219 268 1443 311 passerinam
1474 274 1570 297 cras-

52 336 109 371 sis,
135 343 154 364 a
180 332 259 364 basi
297 329 515 369 articulatis,
553 327 719 361 articulis
758 327 1000 359 inferioribus
1037 328 1074 359 in
1114 327 1241 370 planta
1274 325 1410 367 majore
1448 328 1569 357 tamen

52 400 176 433 parum
216 389 436 431 conspicuis,
471 390 506 419 et
540 387 643 419 tenui
677 388 794 418 strato
833 384 998 417 corticali
1027 386 1142 416 tectis.
1193 384 1273 417 Fila
1299 384 1481 427 pinnatim
1509 383 1572 415 (le-

52 448 441 490 composito-ramosa,
474 446 739 478 ramificatione
773 443 899 475 eadem
933 444 970 475 in
999 443 1128 475 formis
1155 443 1311 476 diversis
1338 443 1422 486 plus
1450 443 1572 475 minus

39 505 258 551 conspicua.
309 507 348 540 ln
376 508 497 539 forma
517 505 676 548 juvenili
702 505 806 537 frons
833 504 969 535 eximie
997 508 1032 535 et
1058 514 1078 535 a
1102 503 1180 536 basi
1209 505 1573 546 pectinato-ramosa.

52 566 205 600 ramulis
244 566 429 598 snbulatis
466 570 502 597 at
541 564 731 604 mollibus,
758 563 802 595 ad
830 563 1045 605 geniculum
1074 563 1251 606 quodque
1279 563 1482 595 secundum
1509 565 1571 594 aut

52 626 211 668 longiori
240 624 440 657 intervallo
469 623 694 656 exeuntibus
722 621 944 665 patentibus,
971 621 1121 653 demum
1147 620 1489 664 sphaerosporiferis
1509 619 1574 653 ob-

53 684 268 723 tusioribus,
296 682 565 725 splncrosporis
594 692 789 714 verrucose
820 679 1132 724 prominentibus.
1182 679 1462 722 Prolongantur
1488 690 1574 711 vero

52 744 87 775 in
123 742 248 785 planta
279 741 458 773 adultiori
491 741 592 780 rami,
627 742 749 784 partes
782 740 995 782 superiores
1028 739 1161 770 iterum
1189 739 1402 781 iterumque
1429 737 1576 770 decom-

55 803 253 845 ponuntur,
278 800 476 832 inferiores
502 803 566 832 aut
593 799 748 832 ramulis
774 797 1011 830 brevioribus
1039 797 1149 830 obsiti
1176 799 1337 836 manent,
1363 799 1427 829 aut
1455 797 1577 839 saepis-

53 860 141 891 sime
181 859 338 891 ramulis
376 857 556 900 abruptis,
597 857 818 900 persistente
858 859 960 898 parte
992 855 1167 888 inferiore
1201 854 1435 887 ramulorum
1471 854 1577 897 quasi

54 918 243 959 senticosi·7
284 916 359 949 lucc
396 917 517 949 forma
552 916 724 958 vulgaris.
783 915 919 958 Apiees
953 924 1142 947 ramorum
1176 917 1240 946 aut
1273 913 1423 946 rachide
1451 923 1578 956 super-

54 977 237 1009 eminente
272 977 413 1019 pinnati
452 976 643 1019 adparent,
680 980 743 1008 aut
776 975 929 1007 ramulis
965 974 1209 1007 inferioribus
1244 973 1476 1017 prolongatis
1503 973 1578 1005 fere

54 1035 265 1078 corymbosi
294 1036 348 1073 (P.
376 1038 652 1078 atropurpurea
679 1036 837 1071 Moorej.
871 1034 909 1066 In
943 1033 1069 1077 planta
1096 1032 1200 1065 senili
1235 1034 1289 1069 (et
1316 1032 1442 1065 forsan
1471 1031 1579 1064 undis

49 1094 184 1137 jactata
210 1097 245 1126 et
271 1094 526 1136 cimmnvaga)
555 1094 647 1125 rami
675 1094 838 1125 minores
867 1092 1018 1135 plurimi
1047 1093 1158 1124 etiam
1187 1092 1401 1133 superiores
1428 1090 1578 1132 abrupti

54 1153 233 1196 adparent
263 1153 320 1188 (P.
349 1152 566 1185 senticosa).
602 1152 641 1183 ln
670 1151 797 1193 planta
825 1151 937 1182 maris
965 1150 1218 1193 profundioris
1244 1153 1320 1182 tota
1348 1149 1474 1192 planta
1505 1158 1580 1180 ma-

55 1213 109 1255 gis
147 1215 321 1255 protensa
360 1210 483 1243 evadit
522 1218 555 1242 et
589 1211 712 1242 minus
745 1210 942 1252 conspicue
978 1210 1309 1252 sunnam-ramosa,
1343 1209 1436 1240 rami
1463 1208 1580 1249 magis

55 1271 185 1309 dissiti,
222 1272 345 1313 apices
384 1280 471 1302 vero
510 1271 705 1312 pinnatum
746 1269 963 1311 adspectum
1004 1272 1207 1305 servantes,
1245 1266 1395 1299 articuli
1432 1276 1580 1309 quoque

55 1339 163 1372 quam
198 1330 233 1360 in
269 1329 412 1371 vulgari
447 1329 565 1360 torma
597 1327 711 1370 duplo
746 1327 947 1369 longiores.
999 1326 1117 1368 Hujus
1145 1336 1294 1370 quoque
1322 1325 1415 1357 duas
1442 1325 1580 1357 formas

56 1393 241 1420 extremas
281 1398 482 1430 agnoscere
521 1387 628 1427 licetg
670 1397 801 1429 nempe
840 1396 950 1417 unam
990 1386 1102 1417 ramis
1141 1385 1216 1416 sere
1255 1395 1274 1416 a
1307 1384 1384 1416 basi
1424 1383 1582 1416 ramosis

55 1447 222 1490 apicibus
258 1457 364 1489 parce
391 1446 560 1489 'pinnatis
586 1444 637 1483 (15.
666 1446 872 1488 protensa).
906 1443 1061 1476 alteram
1090 1444 1202 1475 ramis
1228 1442 1309 1474 basi
1337 1441 1447 1483 longe
1474 1440 1582 1473 nudis

57 1515 215 1548 superne
250 1504 363 1537 dense
398 1504 794 1536 sascicnlato-ramosis
828 1503 886 1541 (P.
918 1502 1067 1540 affinis).
1100 1522 1142 1525 „a
1174 1500 1338 1533 Articuli
1366 1499 1477 1532 medii
1507 1499 1583 1542 plc-

57 1574 212 1606 rumque
240 1563 423 1595 diametro
451 1561 770 1605 sesquilongiores
797 1564 859 1593 aut
888 1561 962 1592 fere
990 1560 1148 1603 aequales
1175 1560 1231 1596 (in
1258 1560 1379 1591 sorma
1394 1558 1582 1600 vulgari‘J·7

57 1633 150 1654 nunc
184 1623 238 1660 (in
275 1622 403 1653 formis
438 1621 613 1664 prot'und.
648 1620 779 1662 maris)
811 1620 994 1651 diametro
1029 1618 1142 1661 triplo
1177 1617 1386 1660 longiores·7
1415 1616 1583 1659 superio-

58 1691 115 1712 res
142 1685 178 1712 et
204 1680 401 1712 inferiores
430 1680 564 1711 sensim
593 1679 796 1716 breviores,
824 1677 1007 1709 diametro
1036 1678 1184 1709 circiter
1209 1676 1391 1720 {equales3
1419 1676 1583 1708 sectione

58 1738 296 1771 transversali
328 1738 528 1780 saepissime
564 1736 738 1779 siphones
767 1735 808 1768 16
836 1736 1128 1778 conspiciuntur,
1155 1745 1253 1767 nunc
1280 1734 1406 1777 plures
1434 1732 1580 1772 18-—20‚

58 1808 152 1830 nunc.
187 1797 378 1840 pauciores
412 1800 516 1835 (raro
554 1795 617 1835 12)
645 1795 731 1834 vidi,
758 1796 853 1826 circa
887 1794 1089 1826 centralem
1123 1794 1214 1836 ipsis
1249 1792 1360 1836 paulo
1396 1791 1582 1834 majorem,

59 1858 166 1887 extus
198 1854 317 1887 nudos
349 1858 413 1886 aut
441 1854 677 1888 {inferiorum
705 1852 974 1890 articulorum)
1004 1853 1106 1884 tenni
1134 1854 1250 1884 strato
1278 1849 1446 1883 corticali
1475 1853 1584 1891 (prze-

59 1915 162 1956 cipue
190 1913 235 1945 ad
262 1913 450 1956 genicula)
490 1914 640 1945 cinctos.
708 1911 920 1944 Keramidia
959 1915 1068 1943 ovata
1104 1910 1324 1953 plerumque
1350 1909 1454 1941 brevi
1482 1908 1583 1951 pedi-

60 1972 152 2005 cello
192 1971 353 2004 suffulta.
413 1971 595 2003 ‚Iuvenilis
633 1969 768 2002 charta*
807 1969 970 2002 adha’rct
1004 1972 1040 2001 et
1073 1969 1197 2002 colore
1230 1969 1348 2011 magis
1380 1969 1417 2000 in
1446 1978 1585 2010 purpu-

61 2042 161 2063 reum
203 2030 398 2072 tendenteg
437 2029 602 2062 adultior
635 2029 779 2061 inferne
808 2029 924 2070 nigra,
952 2038 1112 2071 superne
1139 2036 1422 2071 purpurascens,
1450 2025 1585 2058 chartae

28 2118 30 2120 .
61 2090 269 2133 adlnrrens3
297 2090 423 2123 senilis
449 2090 566 2132 nigra,
592 2099 658 2121 nec
686 2088 822 2121 charta*
849 2087 1024 2120 adhaeret.

150 2172 191 2205 In
231 2172 405 2205 inferiore
433 2176 535 2215 parte
563 2171 698 2214 plautae
731 2169 880 2212 majoris
913 2169 1215 2202 trunsversaliter
1242 2171 1348 2201 sectae
1378 2170 1512 2210 practer
1539 2167 1586 2198 si-

63 2231 200 2273 phones
228 2230 492 2274 pericentrales
518 2229 674 2262 totidem
704 2230 919 2267 exteriores,
946 2228 1003 2260 his
1025 2228 1200 2267 alternos,
1216 2226 1436 2269 plerumque
1458 2225 1585 2257 videre

62 2289 164 2333 licet‘7
201 2301 299 2322 nunc
325 2291 438 2321 immo
466 2290 570 2321 strati
600 2288 786 2320 corticalis
813 2288 981 2321 continui
1008 2288 1115 2319 initia
1142 2286 1266 2318 videre
1295 2284 1456 2327 credidi3
1484 2283 1584 2326 quod

63 2348 358 2381 aninmdvertere
397 2347 519 2386 debui,
558 2357 671 2390 quum
710 2347 747 2378 in
785 2346 1003 2387 analysibus
1038 2356 1058 2377 a
1091 2345 1241 2386 Harvey
1279 2344 1373 2376 datis
1412 2341 1587 2386 siphones

65 2408 212 2439 omnino
251 2407 338 2439 nudi
374 2407 509 2448 depicti
543 2406 694 2438 fuerint.
751 2408 917 2439 Stratum
945 2405 1120 2438 corticale
1149 2406 1318 2442 existere,
1345 2413 1391 2435 ex
1417 2404 1522 2434 icone
1548 2402 1585 2433 in

65 2465 170 2507 Engl.
196 2466 277 2497 Bor.
304 2465 387 2497 data
416 2464 509 2506 (tab.
537 2463 646 2509 1717)
677 2475 828 2508 quoque
855 2464 1019 2506 adparet.
1071 2461 1255 2495 Corticale
1281 2460 1350 2493 hoc
1378 2460 1585 2492 stratumin

66 2522 193 2555 formis
221 2534 333 2566 supra
359 2523 482 2555 allatis
509 2523 684 2555 omnibus
711 2523 799 2555 vidi.
827 2522 991 2564 Kiitzing
1017 2522 1054 2553 P.
1072 2521 1343 2562 nigrescentem
1371 2518 1586 2550 corticatam

67 2592 86 2612 a
110 2582 148 2614 P.
175 2581 398 2614 violascente
427 2582 626 2613 ecorticata
652 2581 845 2620 distinxitg
871 2579 947 2611 hare
976 2583 1029 2611 est
1056 2578 1182 2621 planta
1208 2576 1367 2613 tenuior,
1382 2575 1444 2607 sed
1476 2575 1586 2606 etiam

66 2641 100 2671 in
128 2639 194 2672 hac
221 2642 327 2673 strati
355 2639 541 2673 corticalis
567 2639 721 2672 cellulas
748 2649 880 2682 paucas
907 2639 943 2670 in
971 2638 1045 2669 ima
1065 2639 1169 2679 parte
1190 2635 1241 2667 fili
1256 2633 1471 2678 principalis
1499 2632 1586 2666 vidi.

157 2723 295 2754 Praeter
334 2722 472 2754 formas
498 2731 518 2752 a
543 2730 599 2752 me
637 2720 779 2759 allatas,
816 2719 907 2752 alias
945 2718 1110 2750 crassitie
1143 2719 1207 2749 aut
1239 2716 1418 2748 tenuitate
1445 2714 1588 2746 frondis

68 2779 230 2822 insignes
263 2781 392 2812 afferre
427 2778 567 2811 liceret.
623 2778 770 2821 Harvey
796 2779 831 2810 in
859 2777 945 2810 Ner.
972 2777 1054 2808 Bor.
1082 2775 1209 2808 Amer.
1236 2775 1435 2806 varietates
1463 2772 1588 2816 plures

70 2839 307 2878 enumeravit,
347 2836 513 2870 articulis
552 2835 673 2869 adhuc
710 2835 944 2879 longioribus
986 2834 1167 2872 diversas,
1204 2831 1248 2864 de
1287 2831 1435 2875 quibus,
1472 2841 1588 2873 quum

71 2896 214 2928 easdem
250 2907 322 2929 non
357 2896 524 2936 viderim,
552 2894 720 2937 judicare
753 2905 828 2927 non
862 2893 976 2926 dccet.
1030 2891 1119 2933 Qua¹
1146 2889 1235 2922 mihi
1263 2889 1428 2931 ejusdem
1456 2890 1591 2931 speciei

159 2953 219 2987 IV.
1454 2946 1497 2978 70
