1728 3110
156 124 172 163 1
190 123 241 164 17
252 124 276 163 li
771 120 1053 162 linonommffi.
1490 122 1654 178 Dasya.

110 248 114 255 ’
145 252 329 305 plurimis
375 252 579 304 globosus,
625 254 812 289 constans
857 249 936 288 filis
967 249 1223 295 dichotomis,
1253 261 1276 287 a
1306 249 1492 300 placenta
1532 249 1658 288 basali

144 319 409 365 radiantibus,
453 331 623 369 quorum
664 318 703 355 in
743 317 921 355 articulis
964 316 1244 355 terminalibus
1289 316 1509 368 gemmidia
1551 316 1659 368 pyri-

145 385 291 424 formia
322 385 574 434 nidulantur;
612 396 719 422 nunc
751 384 816 430 (D.
846 383 1118 431 bolbochaete)
1150 383 1377 435 placentam
1407 396 1547 435 parum
1579 383 1659 421 ele—

145 456 277 491 vatam
310 458 349 491 et
378 451 597 505 gemmidia
640 451 877 503 pyriformia
922 450 1006 489 fere
1050 450 1203 488 basalia
1248 450 1331 489 vidi
1370 454 1436 498 (an
1477 450 1660 502 plurimis
1711 448 1717 457 ‘

146 520 376 570 gemmidiis
408 520 555 572 elapsis
599 519 785 572 placenta
824 524 930 557 esset
959 518 1000 556 in
1030 518 1092 556 his
1125 517 1331 567 effoeta?).
1392 518 1589 557 Stichidia
1618 518 1660 556 in

144 586 498 639 Heterosiphonia,
532 586 794 638 Stichocarpo
826 590 865 624 et
880 585 1188 624 Rhodonemate
1204 584 1310 623 inter
1327 585 1503 624 ramulos
1521 598 1660 624 mono-

145 655 353 707 siphonios
386 655 544 694 evoluta
578 658 618 692 et
646 654 788 693 horum
833 652 1184 692 transformatione
1229 657 1328 699 orta,
1367 652 1570 705 pedicello
1602 652 1660 690 di-

146 722 291 762 stincto
323 727 391 760 aut
421 721 659 761 brevissimo
698 720 929 766 insidentia,
960 720 1161 770 juvenilia
1198 720 1352 766 conica,
1391 719 1543 758 sensim
1574 719 1661 758 lon-

146 790 259 841 giora
291 793 329 828 et
360 789 488 841 magis
520 788 744 831 lancoidea,
776 788 861 825 fere
891 787 1212 837 siliquaeformia,
1230 787 1333 825 intra
1360 786 1550 825 articulos
1581 785 1662 824 sin-

147 858 262 908 gulos
294 858 594 909 sphaerosporas
626 857 760 908 plures
798 855 839 892 in
870 854 1113 892 verticillum
1145 854 1360 905 dispositas
1390 853 1591 903 foventia;
1622 853 1663 891 in

146 924 422 976 Lophocladia
452 922 639 962 stichidia
668 934 830 973 quoque
859 920 1213 960 transformatione
1244 920 1387 958 ramuli
1419 925 1506 959 orta
1529 924 1570 958 et
1593 932 1663 971 pe-

146 991 296 1029 dicello
327 990 640 1041 monosiphonio
687 989 778 1041 plus
822 988 953 1027 minus
998 987 1188 1026 distincto
1231 988 1405 1033 suffulta,
1460 987 1567 1025 nuda
1597 992 1665 1024 aut

146 1057 326 1095 ramellis
357 1057 445 1108 plus
468 1056 600 1094 minus
624 1056 932 1108 persistentibus
962 1054 1209 1106 penicillata,
1227 1054 1664 1101 flexuoso-verrucosa,

146 1125 252 1162 intra
281 1124 473 1162 articulos
503 1123 684 1174 singulos
715 1122 972 1161 abbreviatos
1004 1126 1043 1159 et
1080 1122 1323 1160 incrassatos
1363 1122 1664 1172 sphaerosporas

147 1196 209 1237 (ut
237 1191 414 1236 videtur)
448 1190 639 1241 singulas,
670 1190 779 1228 linea
816 1189 953 1240 spirali
999 1188 1349 1244 longit=udi1ialite1·
1391 1188 1664 1226 adscendente

148 1258 363 1310 dispositas
394 1257 594 1306 1'0ventia3
626 1257 667 1295 in
695 1255 963 1308 Lophothalia
993 1255 1168 1306 denique
1199 1269 1220 1293 a
1250 1268 1361 1294 ramo
1400 1255 1557 1294 minore
1593 1268 1666 1307 po-

148 1325 379 1377 lysiphonio
410 1325 707 1370 transformata,
739 1329 780 1362 et
808 1323 988 1362 ramellis
1019 1322 1342 1374 monosiphoniis
1360 1323 1548 1372 ejusdem
1577 1322 1665 1373 plus

149 1393 281 1431 minus
326 1392 575 1444 penicillata,
620 1392 1053 1436 toruloso-verrucosa,
1101 1390 1206 1427 intra
1250 1390 1440 1428 articulos
1485 1389 1665 1440 singulos

149 1461 449 1512 sphaerosporas
480 1473 627 1511 paucas
658 1459 764 1497 1—«2
808 1458 1070 1497 continentia.
1134 1457 1438 1509 Sphaerosporae
1485 1456 1665 1495 omnium

149 1528 350 1579 triangule
382 1527 544 1577 divisae3
575 1527 788 1565 inferiores
819 1525 997 1563 stichidii
1040 1525 1212 1576 primum
1245 1524 1434 1570 evolutae,
1465 1523 1526 1561 his
1557 1523 1666 1574 elap-

150 1595 203 1632 sis
247 1595 475 1646 superiores
521 1598 805 1639 maturescunt,
861 1592 1113 1630 increscente
1159 1595 1199 1629 et
1242 1591 1484 1642 prolongato
1516 1590 1666 1628 sensim

151 1663 365 1711 stichidiog
411 1675 502 1713 pars
549 1662 695 1699 eti'oeta
739 1659 915 1698 stichidii
946 1659 987 1696 in
1018 1658 1286 1710 Lophothalia
1319 1662 1359 1695 et
1389 1656 1666 1708 Lophocladia

151 1743 173 1767 a
203 1729 360 1767 cellulis
392 1734 510 1766 antea
540 1727 842 1780 praegnantibus
873 1731 914 1764 et
942 1726 1106 1771 inflatis,
1138 1737 1243 1763 nunc
1288 1724 1477 1775 collapsis
1518 1723 1666 1762 consti-

150 1800 256 1845 tuta3
288 1796 327 1833 in
360 1795 668 1834 Rhodonemate
708 1794 867 1831 cellulae
899 1793 1109 1831 corticales
1140 1791 1414 1829 verticillatim
1446 1790 1666 1842 dispositae,

152 1876 241 1913 quae
286 1863 440 1900 fertiles
484 1862 675 1913 siphones
714 1861 754 1898 in
787 1860 975 1898 stichidio
1000 1858 1174 1909 juvenili
1206 1861 1414 1909 separant;
1446 1856 1485 1894 in
1518 1856 1665 1895 effoeto

152 1929 340 1967 stichidio
387 1941 556 1966 numero
602 1931 799 1978 augentur
843 1926 1001 1964 cellulae
1047 1930 1086 1963 et
1115 1925 1379 1976 longitudine
1415 1923 1666 1973 increscunt3

153 1995 338 2034 stichidia
370 1995 516 2033 effoeta
548 1994 625 2032 hoc
657 1994 775 2032 modo
807 1993 965 2031 cellulis
996 1992 1267 2030 verticillatim
1300 1992 1505 2043 dispositis
1522 1991 1666 2029 articu-

152 2063 263 2101 latim
283 2061 488 2100 subdivisa
518 2061 724 2112 adparent.
787 2058 1027 2098 Antheridia
1057 2059 1097 2097 in
1128 2059 1266 2110 paucis
1285 2064 1438 2097 tantum
1456 2059 1667 2110 speciebus

153 2130 336 2181 cognita3
354 2129 394 2167 in
426 2127 487 2166 his
505 2139 612 2179 saepe
643 2127 857 2172 denudata,
874 2126 1065 2164 interiore
1084 2126 1208 2164 latere
1225 2126 1480 2178 pinnularum
1498 2125 1667 2170 sessilia,

154 2197 239 2234 fere
269 2195 423 2235 conica.

265 2264 401 2302 Genus
433 2262 576 2312 Dasyae
601 2261 686 2310 jam
716 2260 757 2298 in
791 2259 1015 2310 Systemate
1060 2259 1252 2311 Algarum
1292 2259 1336 2298 O.
1369 2259 1532 2311 Agardh
1575 2272 1666 2311 pro-

155 2331 344 2383 positum,
392 2328 690 2366 characteribus
721 2326 881 2377 generis
919 2340 990 2378 pro
1022 2331 1204 2378 tempore
1236 2331 1296 2364 sat
1324 2326 1429 2365 bene
1460 2326 1667 2371 exhibitis,

155 2402 195 2435 at
225 2396 357 2447 quoad
388 2395 537 2433 limites
568 2394 745 2433 nondum
785 2393 949 2431 clarum.
1007 2393 1051 2430 111
1084 2393 1295 2445 speciebus
1340 2392 1534 2444 Algarum
1578 2405 1667 2444 spe-

155 2464 238 2501 cies
283 2462 443 2515 generis
488 2474 626 2500 omnes
670 2466 763 2498 tunc
794 2460 967 2510 cognitae
999 2460 1101 2498 bene
1132 2460 1180 2498 ad
1211 2460 1383 2511 Dasyam
1415 2459 1552 2497 relatae
1582 2459 1666 2497 fue-

155 2534 259 2577 runt,
291 2534 331 2567 at
360 2528 528 2568 confusa
557 2541 580 2565 a
608 2527 816 2579 Dillvynio
847 2531 887 2564 et
915 2526 1135 2578 Lyngbyeo
1160 2526 1304 2577 Dasyae
1322 2531 1361 2564 et
1392 2525 1664 2564 Callithamnii

156 2596 306 2648 specie,
344 2595 493 2633 factum
511 2594 586 2632 fuit
602 2598 644 2632 ut
661 2593 816 2646 species
848 2593 1136 2639 Callitliamnii,
1167 2593 1229 2631 cui
1256 2593 1406 2631 fructus
1431 2593 1574 2645 Dasyae
1598 2593 1666 2630 tri-

157 2664 338 2708 buerant,
379 2662 484 2699 inter
527 2661 679 2712 Dasyas
723 2673 838 2698 veras
882 2659 1215 2698 introduceretur.
1274 2660 1391 2712 Duby
1422 2659 1461 2697 in
1492 2659 1667 2697 secunda

158 2730 207 2768 de
239 2728 461 2767 Cei-amieis
492 2727 773 2766 dissertatione
803 2726 1062 2778 Wrangelias
1094 2732 1133 2765 et
1162 2727 1315 2778 Dasyas
1346 2726 1608 2772 confundens,
1627 2730 1667 2764 et

158 2796 291 2834 ideam
323 2799 363 2833 et
392 2793 541 2832 limites
585 2794 744 2845 generis
790 2794 893 2832 male
937 2793 1136 2844 concepit.
1193 2793 1237 2832 111
1281 2793 1474 2845 symbolis
1519 2792 1664 2831 nostris

160 2874 285 2912 genus
315 2860 448 2911 quoad
478 2859 727 2898 characteres
758 2864 797 2899 et
813 2860 962 2898 limites
992 2859 1203 2898 restituere
1233 2859 1367 2899 conati
1396 2871 1542 2897 sumus.
1572 2859 1664 2897 Plu-
