1728 3110
102 79 379 124 Sarcomenia.
707 74 986 120 RHODoMELEAE.
1485 76 1537 117 12
1548 77 1571 118 6
1580 78 1602 119 5

105 215 188 238 cens
215 205 331 238 dilute
358 205 576 246 fuscescens‚
602 198 846 248 rigidiusc'ula
879 211 914 239 et
954 208 1103 251 fragilis,
1129 218 1211 241 aere
1238 218 1326 242 mox
1352 208 1607 251 deliquescens

100 267 135 295 et
164 265 200 296 in
229 263 429 306 gelatinam
463 264 595 304 soluta,
634 266 817 297 exsiccata
846 265 995 308 pulchre
1023 277 1138 300 rosea.
1175 268 1279 300 Rami
1306 266 1462 308 majores
1488 267 1607 298 mino-

100 333 231 366 resque
258 334 278 356 a
302 323 380 356 basi
407 323 539 355 latiore
565 325 758 361 attenuati„
787 326 1027 366 teretiusculi⁷
1054 327 1216 359 minores
1242 330 1277 358 et
1305 326 1487 369 praecipue
1509 326 1606 358 fruc-

100 382 197 413 tiferi
224 383 400 414 interiore
427 381 541 413 latere
568 381 680 423 longa
707 383 800 414 serie
829 384 1027 423 secundati,
1055 395 1148 427 saepe
1172 394 1290 427 usque
1312 384 1356 416 ad
1372 385 1511 427 apicem
1527 394 1606 416 cor-

101 441 209 480 tieati,
236 442 427 484 superficie
454 440 778 483 longitudinaliter
805 441 976 474 lineolam
992 442 1205 485 reticulatag
1241 454 1346 480 nunc,
1373 446 1408 474 et
1436 444 1469 475 ni
1498 442 1607 475 fallor

93 498 241 539 juniore
267 502 382 540 aetate,
417 502 503 531 sunt
530 500 651 542 apices
678 510 864 532 ramorum
904 501 1110 544 ramulique
1150 502 1269 534 ulliini
1305 502 1445 535 ordiniS
1472 503 1606 534 articu-

98 557 178 597 lati,
205 558 240 589 ni
269 557 378 589 fallor
405 558 593 600 ancipites,
632 560 666 588 et
701 558 876 601 utrinque
905 558 971 590 iilis
1000 560 1236 599 mollissimisy
1264 560 1306 592 ad
1336 560 1507 603 genii-ula
1534 560 1606 591 sin-

97 615 193 657 gulis
232 615 444 659 penicillati.
494 615 757 648 Penieilloruui
799 616 857 648 fila
894 619 979 648 sunt
1013 617 1193 660 simplicia
1228 621 1291 650 aut
1319 628 1424 660 parce
1452 628 1606 653 ramosa.

97 673 255 706 articulo
283 673 468 706 terminali
497 673 676 715 longiore,
705 675 838 706 sensim
868 674 1069 714 subdiviso,
1099 676 1292 707 inferiores
1319 676 1520 719 formante3
1548 687 1606 708 ar-

99 731 234 764 ticulos
262 736 428 765 maturos
455 733 638 765 diametro
676 732 778 775 3-plo
816 733 1004 776 longiores
1046 733 1131 766 vidi.
1182 734 1340 766 Articuli
1375 734 1605 767 ramulorum

98 793 183 823 sunt
209 791 390 824 diametro
424 792 570 823 circiter
604 791 834 833 longitudine
871 792 1043 835 wqualcs,
1068 791 1267 835 4-siplionii
1308 794 1481 835 utrinque
1507 794 1605 825 aucti

97 848 315 892 siphonibus
341 849 370 886 2,
397 851 460 893 qui
488 852 574 881 sunt
601 849 867 892 principalibus
894 850 1009 893 duplo
1038 851 1244 893 breviores·7
1282 851 1331 882 ita
1356 854 1397 882 ut
1424 852 1605 893 margina-

97 908 150 940 les
176 908 195 940 2
222 909 444 952 superpositi
474 908 640 951 singulos
671 909 888 952 principales
911 909 1142 952 longitudine
1164 913 1330 953 ¹erquent·7
1356 909 1502 942 articuli
1519 919 1605 941 vero

98 977 184 1000 mox
212 970 326 999 strato
365 967 529 999 corticali
568 967 818 1007 obdiwuulur,
856 968 953 1000 unde
993 979 1078 1000 mox
1118 967 1282 1000 obsoleta
1317 970 1352 998 et
1378 977 1472 1010 serpe
1498 977 1542 999 ne
1568 968 1604 999 in

96 1024 248 1057 ramulis
275 1025 425 1068 quidem
454 1025 669 1068 penultimis
695 1029 757 1058 aut
785 1026 926 1058 ultimis
951 1026 1201 1058 adultioribus
1223 1027 1510 1068 conspiciantur.
1536 1025 1605 1058 Ra-

96 1082 189 1115 muli
216 1082 429 1123 adultiores,
456 1082 522 1115 lioc
550 1083 660 1116 niodo
687 1084 766 1123 orii,
807 1087 894 1116 sunt
920 1083 1082 1116 breviter
1109 1084 1225 1116 conici
1252 1083 1436 1125 simplices
1462 1085 1525 1115 aut
1552 1084 1605 1115 in-

97 1141 231 1174 teriore
258 1141 373 1173 latere
414 1152 507 1174 nova
545 1143 638 1173 serie
679 1142 907 1175 ramulrmun
936 1153 955 1175 a
981 1142 1096 1174 latere
1124 1143 1313 1185 superiore
1342 1152 1404 1174 seu
1432 1143 1606 1174 interiore

96 1200 302 1243 (bifariam)
345 1200 616 1241 egredientium
654 1202 770 1240 aueti3
810 1202 844 1232 in
885 1200 940 1233 liis
979 1201 1119 1233 ultiniis
1158 1200 1422 1243 splieerosporae
1457 1199 1605 1231 demum

96 1258 337 1301 evolvuntur·7
377 1258 548 1292 sticliidia
583 1261 695 1302 igitur
730 1261 904 1293 interiore
940 1260 1053 1292 lat-ere
1081 1260 1310 1292 ramulorum
1339 1258 1606 1291 sub-secunda-

96 1320 140 1356 ta,
166 1317 314 1360 singula
339 1320 402 1350 aut
429 1317 537 1360 plura
563 1317 832 1361 adproxiinatn,
870 1318 944 1351 basi
974 1319 1032 1350 vix
1060 1321 1259 1356 attenuata,
1287 1317 1607 1360 oblongo-conica,

95 1377 279 1415 corticata,
320 1376 458 1419 duplici
492 1377 584 1409 serie
618 1376 895 1420 sphaerosporas
929 1386 1079 1419 magnas
1107 1376 1292 1418 triangule
1319 1375 1454 1407 divisas
1480 1375 1606 1407 foven-

98 1435 159 1466 tia.
207 1434 420 1467 Keramidia
458 1436 492 1467 in
531 1435 686 1468 ramulis
724 1446 871 1479 quoque
912 1436 1120 1468 secumlatis
1159 1434 1312 1477 singula,
1347 1434 1441 1466 infra
1467 1434 1605 1476 apicem

98 1492 248 1536 oblique
276 1493 418 1525 sessi'lia
443 1496 478 1525 et
503 1494 604 1537 apice
632 1494 748 1526 sterili
778 1495 998 1537 persistente
1025 1506 1118 1537 szrpe
1144 1494 1286 1526 inferne
1309 1493 1500 1532 calam-ata,
1521 1502 1606 1525 ova-

99 1553 144 1591 ta,
169 1561 236 1594 pro
263 1553 406 1584 ratione
433 1552 567 1595 planta·
594 1556 649 1584 sat
677 1563 818 1595 magna,
839 1553 935 1585 intra
966 1553 1211 1595 pericarpium
1240 1555 1348 1584 tenue
1376 1551 1606 1583 membrana-

98 1620 203 1642 ceum
230 1610 649 1646 areolato-cellulosuin.
687 1611 860 1644 nucleum
900 1611 1143 1643 rotundatum
1169 1611 1454 1653 gemmidiorum
1481 1611 1606 1643 foven-

100 1669 168 1711 tia3
195 1668 395 1710 genimi‘lia
420 1670 457 1700 in
480 1669 548 1701 filis
576 1669 753 1712 placent-‹1›
782 1669 915 1702 basalis
942 1668 1382 1711 dicliotomo-sastigiatis,
1408 1670 1505 1701 intra
1519 1669 1606 1701 arti-

99 1726 202 1759 culos
228 1727 382 1759 ultimos
409 1727 568 1767 evoluta,
602 1728 831 1771 pyriforniia.
881 1728 1048 1760 Sectione
1084 1726 1319 1759 transversali
1346 1726 1490 1759 frondis
1516 1727 1606 1758 infe-

99 1786 208 1819 rioris
235 1785 310 1818 vidi
338 1785 512 1829 siphoues
539 1786 803 1829 pericenlrales
828 1786 859 1825 4,
896 1786 978 1818 aliis
1016 1785 1267 1817 subsimilibus
1305 1788 1340 1816 et
1365 1785 1445 1827 ipso
1472 1785 1606 1817 cortice

99 1848 252 1878 externe
279 1846 429 1878 cinctos.

188 1905 330 1946 Speciei
356 1905 557 1937 admodum
585 1905 740 1946 insignis
771 1904 1068 1946 deseriptioncin,
1088 1905 1267 1946 quantum
1294 1902 1330 1934 in
1357 1911 1413 1933 ine
1440 1901 1519 1940 suit,
1544 1901 1607 1933 ab·

97 1962 255 1995 solutam
282 1963 369 1995 dare
395 1962 545 1995 molitus
572 1973 666 1995 sum.
716 1962 773 1995 Ad
813 1963 972 2003 Dasyam
1012 1971 1032 1993 a
1068 1961 1213 2002 Harvey
1251 1960 1502 1998 adnumerata,
1530 1960 1607 1991 sine

97 2021 212 2054 dubio
240 2021 287 2053 ob
314 2021 480 2053 ramulos
506 2020 759 2064 penicillatos3
798 2023 835 2052 at
872 2019 931 2052 fila
962 2020 1093 2062 Dasyae
1120 2028 1267 2062 quoque
1292 2019 1329 2050 in
1356 2017 1438 2049 aliis
1464 2018 1606 2059 generi-

96 2079 176 2118 bus,
202 2079 289 2111 licet
314 2080 437 2111 minus
463 2079 632 2121 insignia,
658 2082 693 2110 et
720 2079 830 2110 certis
859 2080 999 2110 tantum
1032 2077 1258 2109 evolationis
1285 2076 1412 2108 stadiis
1439 2075 1606 2117 proveni-

98 2138 197 2169 entia
221 2136 377 2180 adsunt·7
405 2139 441 2169 et
467 2136 574 2179 hujus
601 2139 742 2169 naturae
768 2136 860 2169 mihi
888 2136 1063 2169 videntur
1090 2146 1171 2179 quae
1198 2136 1235 2167 in
1264 2134 1329 2167 hac
1351 2135 1469 2177 specie
1497 2133 1606 2166 obve-

98 2195 214 2234 niunt,
239 2196 276 2227 in
305 2194 472 2238 plurimis
499 2195 760 2238 speciminibus
787 2195 848 2227 vix
871 2195 1078 2237 conspicua,
1102 2195 1137 2225 in
1154 2193 1234 2225 aliis
1249 2192 1393 2225 adsunt.
1420 2192 1520 2224 Inter
1535 2192 1605 2224 Da-

99 2262 182 2295 syas
209 2263 283 2285 non
309 2253 402 2285 bene
428 2253 536 2286 video
563 2254 619 2285 cui
647 2255 820 2296 proxima
846 2256 960 2294 esset·7
988 2263 1032 2283 ex
1061 2250 1240 2283 stichidiis
1263 2250 1446 2282 corticatis
1462 2249 1606 2292 Lopho-

99 2310 255 2343 cladiam
282 2311 463 2351 crederes,
489 2321 534 2343 ex
561 2314 749 2344 structura
774 2314 806 2343 et
824 2310 953 2343 habitu
972 2309 1261 2346 Rhodonemam,
1281 2309 1323 2341 D.
1339 2307 1504 2350 capillari
1522 2317 1606 2350 pro-

98 2370 249 2402 ximam.
293 2369 378 2412 Ipsa
403 2378 491 2401 vero
519 2369 726 2403 substantia
752 2369 895 2413 plantae,
922 2367 1023 2400 color
1048 2376 1132 2398 aere
1161 2368 1335 2404 mutatus,
1361 2369 1396 2397 et
1423 2366 1605 2408 praecipue

100 2430 288 2459 structura
313 2427 559 2460 articulorum
589 2428 860 2461 Sarcomeniani
889 2425 1062 2469 produnt,
1098 2424 1184 2456 licet
1209 2423 1430 2467 quibusdan]
1459 2423 1605 2456 charac-

99 2485 240 2518 teribus
266 2485 310 2517 ab
337 2485 419 2517 aliis
446 2486 634 2528 speciebus
660 2486 912 2518 abludentem.
960 2482 1155 2515 Nonnullae
1189 2492 1320 2524 nempe
1357 2482 1495 2524 species
1522 2485 1606 2514 sunt

100 2543 308 2576 evidentius
334 2543 548 2583 articulatae,
575 2544 672 2576 unde
701 2543 888 2576 character
914 2541 1067 2583 generis,
1094 2550 1140 2571 ex
1161 2542 1347 2571 structura
1361 2539 1605 2573 articulorum

100 2602 304 2641 desumtus,
329 2601 436 2633 facile
475 2601 706 2635 observatur.
756 2603 787 2634 S.
818 2604 945 2632 tenera
970 2599 1046 2630 fere
1076 2600 1149 2630 tota
1182 2598 1358 2629 corticata
1384 2596 1493 2629 habet
1517 2599 1604 2630 arti-

100 2660 204 2693 culos
231 2659 420 2693 obsoletos
447 2662 482 2692 et
508 2659 681 2702 siphones
707 2657 930 2700 marginales
957 2667 1029 2688 non
1053 2656 1122 2687 nisi
1142 2656 1178 2686 in
1195 2654 1347 2687 ramulis
1362 2654 1504 2687 ultimis
1519 2665 1604 2688 cou-

101 2718 320 2762 spiciendos.
370 2718 458 2760 quae
497 2718 534 2750 in
572 2718 762 2761 speciebus
797 2716 911 2757 magis
936 2714 1054 2757 planis
1079 2715 1177 2745 intra
1202 2714 1405 2755 marginem
1433 2715 1605 2746 oriuntur

101 2787 146 2809 ex
173 2776 298 2808 eadem
328 2777 460 2819 pagina.
481 2776 619 2817 foliola,
633 2778 677 2809 iis
692 2777 726 2808 in
742 2774 870 2807 fronde
888 2771 1122 2804 teretiuscula
1150 2771 1193 2804 Ι).
1222 2774 1355 2803 tenerae
1381 2772 1603 2815 respondere

1078 2884 1107 2906 4
