1728 3110
102 119 125 159 8
136 119 160 158 4
169 120 192 159 (5
725 112 1010 154 Rnononmffl.
1429 116 1633 170 Diyenea,

101 247 280 289 frequens
313 244 464 275 videtur
494 243 674 284 Digenea.
730 244 787 276 Ex
814 243 932 276 altera
959 253 1048 276 vero
1077 244 1183 285 parte
1211 241 1334 275 obstat
1362 241 1461 285 quod
1492 243 1528 273 et
1554 242 1633 284 ipse

98 304 291 336 Turnerns
325 311 430 333 suam
466 300 632 343 plantam
661 312 743 333 Cum
772 300 1025 345 Cladostepho
1053 302 1256 344 spongioso
1285 301 1569 342 comparaverit,
1598 302 1634 331 et

98 361 133 392 in
174 361 280 391 icone
318 361 441 401 partes
482 358 740 401 magnitudine
784 361 901 391 aucta·
944 361 1072 402 potius
1111 358 1404 402 Cladostephum
1445 357 1632 401 quendam

97 428 210 461 quam
247 417 454 458 Digeneam
491 420 657 460 spectare
693 418 925 451 viderentur.
975 418 1050 451 Nec
1079 419 1154 450 scio
1182 428 1277 455 anne
1304 426 1495 450 assumere
1523 415 1633 447 liceat

97 474 320 507 Conservam
355 475 566 518 simplicem
597 486 618 508 a.
650 476 839 509 Wulfenio
874 480 910 508 et
945 476 1084 510 Rothio
1106 476 1183 518 jani
1210 479 1318 508 antea
1344 475 1569 518 descriptam
1597 476 1633 505 et

96 533 140 565 ad
182 536 518 575 contemporaneos
551 545 571 566 a
603 535 816 574 Mei-tensio,
846 536 909 578 qui
948 536 1197 567 amicissimus
1232 535 1304 566 suit
1335 534 1506 572 Turneri,
1533 532 1633 565 aliis-

97 601 166 633 que
195 591 410 633 frequenter
438 591 688 632 distributam,
718 593 888 625 'lnrnero
917 594 968 625 ita
994 595 1183 635 cognitam
1210 594 1335 633 fuisse,
1365 596 1405 626 ut
1432 594 1565 624 mirum
1581 592 1633 622 vi-

97 648 251 681 deretur
278 659 360 680 cuni
392 649 532 682 nullam
567 650 613 682 de
648 650 712 682 hac
740 651 871 683 fecisse
899 652 1141 692 mentionem,
1169 653 1197 684 si
1224 652 1347 685 Fut-us
1373 651 1630 694 Lycopodium

96 717 228 738 revera
264 707 311 739 ad
344 708 548 750 Digeneam
582 710 835 751 pertinuisset.
895 709 1041 751 Quibus
1074 710 1224 753 quidem
1252 710 1388 742 ductus
1415 708 1632 752 Agardhius

99 766 257 808 speciem
299 767 572 799 Turnerianam
612 767 711 799 inter
749 766 1028 810 Cladostephos
1073 769 1319 800 enumeravit.
1380 767 1541 800 Nomine
1578 766 1632 800 Cl.

98 824 304 867 Lycopodii
342 825 491 867 Harvey
531 825 617 857 dein
656 825 822 868 plantam
857 826 1089 866 memoravit,
1121 836 1233 870 quam
1262 828 1391 869 postea
1417 826 1567 868 (utpote
1593 826 1631 858 F.

98 883 356 925 Lycopodium
385 884 498 915 'lui-n.
526 883 569 915 ad
598 884 806 925 Digeneam
832 884 979 925 retulit)
1005 885 1181 927 Digeneae
1207 885 1409 917 identicam
1436 886 1633 926 agnovisse

101 940 263 972 videtur.
302 940 449 972 Interea
476 941 553 983 ipse
582 942 742 983 speciem
771 942 1053 982 Tui-nerianam⁷
1080 953 1192 986 quani
1218 944 1442 975 auctoritate
1470 942 1633 984 Harveyi

100 998 260 1031 ulterius
305 999 495 1031 suffultam
536 999 694 1038 credidi,
742 1001 841 1032 inter
879 1000 1151 1044 Cladostephos
1196 1002 1425 1033 enumeravi.
1493 1001 1634 1034 Recen-

100 1058 225 1097 tiores7
265 1057 402 1100 quibus
441 1058 628 1100 specimen
666 1057 923 1091 authenticum
963 1059 1125 1091 Turneri
1160 1059 1399 1092 observatum
1432 1059 1547 1091 suisse
1579 1059 1633 1101 ig—

99 1126 203 1151 noro,
242 1115 366 1147 dubiis
405 1116 580 1147 omnibus
615 1115 850 1158 posthabitis,
881 1117 1020 1150 Fucum
1055 1117 1314 1160 Lycopodium
1348 1117 1391 1149 ad
1427 1117 1631 1159 Digeneam

99 1174 280 1207 referunt.
338 1174 434 1215 Quin
468 1174 582 1206 immo
616 1174 815 1207 Zanardini
849 1174 938 1206 mihi
972 1176 1063 1207 vitio
1092 1176 1214 1215 vertit,
1241 1175 1340 1218 quod
1370 1174 1495 1207 colore
1523 1174 1633 1206 viridi

99 1231 252 1265 Tabula*
291 1231 534 1264 Turum-iana>
573 1231 751 1274 deceptus
785 1233 990 1274 Digeneam
1024 1242 1091 1275 pro
1119 1243 1215 1265 nova
1241 1233 1363 1275 speeie
1391 1231 1633 1275 Oladostephi

99 1290 293 1322 habuerim
322 1292 358 1320 et
384 1289 665 1332 descripserim!

191 1370 346 1403 Constat
384 1370 599 1402 Turnerum
637 1371 797 1413 speciem
832 1371 1021 1414 quandam
1056 1370 1315 1411 Stackhousei‚
1353 1373 1505 1404 nomine
1542 1373 1631 1405 Fuci

99 1428 303 1471 Lycopodii
338 1429 375 1460 in
406 1426 478 1460 Ed.
514 1427 530 1459 l
564 1426 654 1460 iver.
682 1427 779 1460 Brit.
807 1428 1045 1472 descriptam,
1072 1429 1116 1461 ad
1146 1439 1251 1461 suum
1278 1428 1315 1460 F.
1343 1429 1546 1471 Lyeopodii
1576 1441 1633 1462 rc-

101 1487 242 1519 tulisse.
306 1486 475 1530 Adparet
517 1497 604 1518 vero
645 1497 690 1518 ex
725 1487 851 1519 verbis
878 1486 1124 1520 Stackhousei
1152 1488 1208 1529 (in
1237 1485 1309 1519 Ed.
1337 1486 1392 1519 11.
1419 1485 1509 1519 Ner.
1536 1485 1632 1519 Brit.

93 1556 134 1588 p.
172 1546 247 1585 45),
286 1545 379 1577 lianc
419 1545 579 1588 speciem
620 1555 748 1577 revera
788 1545 831 1577 ad
872 1544 941 1578 Rh.
969 1545 1287 1587 Lycopodioidem
1316 1546 1513 1588 pertinere,
1541 1556 1632 1588 qua-

101 1608 253 1648 prcqiter
291 1604 385 1636 lianc
424 1604 557 1637 saltem
595 1606 693 1637 inter
733 1615 943 1647 synonyma
980 1605 1152 1647 Digeneac
1192 1615 1267 1637 non
1304 1614 1384 1637 esse
1411 1615 1632 1636 enumeran-

98 1664 183 1697 dam
210 1666 323 1707 patet.

99 1850 422 1906 CXXXIII.
472 1850 881 1903 Bnro'rHAMNION
928 1868 1047 1905 Kum.
1088 1868 1152 1915 Sp.
1182 1867 1272 1915 Ala.
1294 1881 1335 1915 p.
1367 1868 1459 1908 842.
1504 1869 1630 1920 Bryo-

209 1935 419 1974 thamnion
459 1939 497 1973 et
536 1935 823 1986 Ph5scophora
861 1935 980 1972 Kz'itz.
1020 1935 1136 1982 Phgyc.
1167 1947 1208 1982 1).
1247 1934 1339 1973 433.
1379 1934 1528 1973 Alsidii
1561 1935 1630 1986 Sp.

207 2005 242 2042 J.
274 2003 349 2051 Ay.
374 2006 408 2040 et
431 2002 544 2041 Amet.
575 2002 903 2054 Tliamnophorae
936 2001 1024 2053 sp.‘?
1061 2001 1098 2040 C.
1122 2001 1197 2050 Ay.
1223 2006 1257 2040 et
1279 2001 1393 2040 Aac-t.
1423 2002 1630 2041 Atnansiae

210 2084 268 2123 sp.
305 2068 482 2107 Grec-ille.

99 2174 228 2212 Frons
267 2182 501 2222 compressa
538 2175 607 2208 aut
644 2171 848 2222 angulata,
880 2170 1157 2222 subpinnatim
1189 2185 1349 2211 ramosa
1382 2173 1630 2223 ramulisque

209 2237 458 2277 abbreviatis
502 2237 615 2275 varie
660 2237 898 2289 compositis
943 2237 1300 2276 2ss3fi4-fariam
1341 2239 1486 2285 obsita,
1525 2239 1630 2292 intra

211 2305 405 2345 corticem
444 2304 754 2356 polysiplionia,
793 2304 953 2342 cellulis
992 2317 1140 2357 nempe
1179 2304 1286 2343 7-8
1325 2307 1433 2344 circa
1471 2311 1628 2345 centra-

210 2373 289 2411 ]em
328 2372 367 2410 in
409 2372 548 2410 orbem
588 2371 795 2422 dispositis
833 2371 1101 2422 aequelongis,
1140 2373 1382 2424 cellulisque
1413 2374 1628 2413 exteriori-

210 2439 283 2478 bus
316 2438 571 2478 brevioribus
602 2442 808 2476 contexta..
862 2438 1098 2477 Kersmiessdia
1129 2441 1390 2492 subglobosa,
1422 2441 1527 2478 intra
1558 2453 1628 2492 pe-

209 2505 428 2557 ricarpium
462 2505 716 2550 cellulosum,
748 2506 1021 2556 cai-postomio
1053 2510 1252 2558 apertum,
1283 2507 1504 2558 gemmidia
1530 2508 1627 2546 obo-

211 2577 303 2611 vata
347 2572 388 2610 in
434 2571 607 2611 articulo
651 2572 856 2610 terminali
896 2572 1056 2611 filorum
1095 2587 1118 2611 a
1155 2574 1343 2625 placenta
1381 2573 1626 2612 radiantium

210 2639 405 2678 foventia.
441 2639 631 2677 Stz’cln‘dv‘a
664 2638 866 2684 axillam,
897 2651 920 2675 a
950 2640 1106 2678 ramulo
1138 2640 1304 2692 proprio
1329 2640 1627 2686 transformata,

210 2720 370 2746 ramosa
414 2718 652 2752 verrucosa,
698 2706 1000 2758 sphaerosporas
1046 2706 1084 2744 in
1133 2706 1303 2745 articulo
1349 2707 1625 2758 subsingulas,

211 2773 427 2825 subspirali
468 2773 612 2812 ordine
655 2773 920 2811 circumcirca
957 2773 1194 2825 dispositas,
1235 2773 1438 2824 triangule
1476 2773 1626 2811 divisas

210 2839 402 2877 foventia..
