1728 3110
156 132 208 175 12
218 133 275 175 42
774 131 1054 173 Ruonoiffltssffi.
1430 135 1673 189 Didymus.

154 261 289 300 mellis
318 261 712 302 anastomosantibus
742 261 977 300 continuata
1015 265 1083 298 aut
1118 260 1205 312 ipsa
1235 260 1570 306 subconfluentia,
1600 273 1669 311 po-

150 329 408 381 lysiphonea‚
455 330 561 368 intra
598 333 762 367 stratum
805 329 997 368 corticale
1029 328 1330 380 sphaerosporas
1360 328 1400 365 in
1432 327 1668 380 siphonibus
1719 317 1721 324 '

153 397 492 448 pericentralibus
524 395 788 434 circumcirca
817 396 1013 440 evolutas,
1060 408 1180 433 zonas
1218 395 1506 433 transversales
1538 405 1671 445 super-

145 464 298 515 positas
328 464 562 510 formantes,
603 462 805 514 triangule
837 463 988 501 divisas
1022 461 1214 500 foventia.
1269 460 1508 500 Antheridia
1538 461 1578 498 in
1608 473 1669 497 ra-

145 531 265 569 mulis
298 531 377 569 veli
408 530 547 569 liberis
576 529 873 582 provenientia,
906 529 1109 581 pedicello
1148 528 1324 574 suffulta,
1358 527 1491 566 ovalia
1524 539 1669 578 granu-

145 596 196 635 lis
225 597 335 637 foeta
365 598 405 636 in
438 597 512 636 Th.
536 601 664 635 terete
688 596 919 636 observavit
935 596 1108 647 Harvey.
1140 596 1276 643 (Phyle.
1295 598 1415 633 austr.
1434 594 1506 632 tab.
1530 592 1669 632 CXCI.

140 665 211 714 fiy-
243 666 298 715 5).

255 777 385 825 Quale
414 791 542 829 genus
573 776 759 827 intelligo
792 776 984 814 Claudeae
1014 775 1285 827 propinquum
1305 775 1402 813 mihi
1430 775 1602 820 videtur,
1629 778 1671 813 ut

145 844 222 884 hoc
259 845 345 895 jam
394 844 608 895 Symbolas
653 856 763 881 meas
807 842 988 883 scribens
1033 842 1258 894 suspicatus
1302 856 1402 881 sum.
1469 842 1668 881 Decaisne

148 911 385 949 Thuretiam
416 910 666 956 describens,
713 910 816 948 hanc
846 922 869 947 a
900 908 1079 948 Claudea
1110 909 1403 949 removendam
1434 914 1474 947 et
1503 909 1668 947 Rhodo-

146 977 299 1030 plexiae
330 977 695 1029 adproximandam
727 989 815 1014 esse
847 976 996 1014 statuit.
1030 976 1206 1027 Kiitzing
1236 976 1473 1027 Dictyurum
1498 980 1538 1014 et
1561 974 1668 1013 Thu-

147 1045 291 1084 retiam
322 1044 405 1082 suis
437 1043 776 1090 Callithamnieis‚
808 1048 849 1081 et
879 1043 1041 1094 quidem
1074 1044 1180 1081 iuter
1209 1043 1506 1095 Halophlegma
1535 1046 1574 1080 et
1590 1042 1668 1080 Da-

146 1112 345 1164 syphilam
379 1111 610 1163 dispositas,
642 1111 792 1149 retulit.
852 1110 1013 1162 Harvey
1045 1115 1199 1157 contra,
1233 1110 1470 1148 Thuretiam
1502 1114 1545 1148 ut
1574 1108 1668 1147 Dic'-

144 1184 305 1232 tyurum
336 1178 630 1218 Rhodomeleis
676 1177 969 1217 adnumeravit.
1030 1177 1199 1215 Fructus
1247 1189 1408 1227 quoque
1439 1181 1549 1215 certe
1580 1179 1671 1214 sunt

147 1246 538 1292 Rhodomelearum,
570 1245 655 1284 sive
687 1245 889 1292 stichklia,
920 1244 1006 1282 sive
1036 1246 1289 1297 cystocarpia
1318 1244 1524 1297 respicias.

255 1359 315 1397 De
348 1358 545 1397 limitibus
587 1358 750 1409 generis
789 1357 923 1396 forsan
955 1356 1077 1395 dubia
1107 1356 1228 1395 alicui
1259 1360 1462 1395 maneant.
1515 1356 1669 1394 Thure-

146 1427 203 1465 tia
233 1426 487 1477 quercit'olia‚
520 1439 542 1463 a
573 1425 775 1464 Decaisne
807 1424 1023 1476 descripta,
1054 1438 1075 1462 a
1108 1424 1301 1475 Dictyuro
1327 1423 1515 1475 Boryano
1533 1423 1668 1461 multis

145 1498 256 1532 certe
287 1493 421 1539 distat,
467 1493 500 1531 si
538 1492 719 1531 habitum
752 1491 947 1544 respicias
979 1496 1019 1529 et
1049 1490 1218 1530 formam
1251 1490 1456 1537 soliorum,
1487 1502 1577 1541 quae
1609 1490 1667 1528 of-

146 1561 226 1599 fert
255 1560 409 1599 eximie
440 1560 616 1599 evoluta.
678 1559 748 1596 Sin
781 1558 1016 1596 Thuretiain
1056 1562 1223 1596 teretem
1256 1557 1359 1596 bene
1391 1556 1531 1609 generi
1561 1560 1667 1595 retu·

144 1628 240 1666 lerit
268 1628 444 1679 Harvey,
476 1627 583 1678 quod
618 1626 715 1665 mihi
748 1626 985 1665 nullomodo
1030 1625 1196 1665 dubium
1240 1625 1420 1677 adparet,
1466 1625 1553 1663 haee
1585 1624 1669 1662 fere

146 1695 308 1747 longius
339 1708 363 1732 a
392 1693 587 1733 Thuretia
627 1693 868 1744 quei-cifolia
912 1692 1035 1731 distat
1078 1705 1197 1743 quam
1229 1692 1317 1743 ipsa
1345 1691 1503 1744 species
1536 1691 1670 1743 typica

145 1761 352 1812 Dictyuri3
384 1761 552 1813 Species
583 1760 676 1806 alia,
707 1772 826 1810 quam
858 1759 946 1811 ipse
978 1759 1171 1811 Dictyuro
1205 1759 1340 1805 retuli,
1373 1771 1425 1796 ex
1456 1758 1572 1796 India
1604 1770 1668 1796 oc-

148 1828 341 1867 cidentali
383 1833 482 1875 orta,
516 1827 591 1866 Th.
636 1827 755 1865 tereti
802 1826 947 1864 iterum
993 1826 1193 1878 proxima.
1257 1825 1563 1864 Connectuntur
1594 1825 1671 1864 hoc

146 1897 268 1936 modo
300 1909 454 1943 omneS‚
493 1901 533 1935 et
575 1909 656 1935 non
696 1895 772 1934 nisi
803 1895 930 1933 invita
961 1899 1102 1932 natura
1133 1894 1172 1932 in
1205 1894 1365 1933 diversa
1396 1893 1670 1932 distrahuntur

147 1976 311 2015 genera.
356 1964 423 2002 Ex
455 1964 584 2002 forma
623 1963 703 2000 veli
749 1962 950 2000 reticulati
982 1974 1133 2013 genera
1166 1961 1417 2012 distinguere
1449 1974 1529 1999 non
1560 1960 1669 2006 licet,

147 2030 225 2068 nisi
256 2030 417 2069 tertium
450 2043 577 2081 genus
609 2029 683 2067 Th.
715 2029 833 2067 tereti
865 2033 905 2066 et
934 2029 982 2066 D.
1009 2028 1251 2067 occidentali
1277 2027 1454 2066 condere
1479 2027 1667 2066 volueris.

146 2096 276 2135 Venis
308 2096 614 2149 polysiphoneis
645 2095 861 2147 Dictyurus
892 2108 1186 2147 purpurascens
1218 2098 1258 2133 et
1287 2093 1481 2131 Thuretia
1511 2094 1668 2144 querci-

146 2164 246 2204 folia
276 2164 326 2203 ab
356 2164 447 2202 aliis
477 2164 695 2213 recedunt;
738 2167 778 2200 at
821 2163 861 2200 in
894 2163 1076 2214 pluribus
1108 2162 1478 2202 Rhodomelearum
1509 2160 1668 2214 generi-

148 2232 222 2272 bus
254 2231 412 2283 species
457 2231 631 2282 analoga
672 2230 902 2269 differentia
949 2230 1121 2269 diversae
1165 2230 1323 2277 adsunt,
1357 2228 1669 2282 (Polysiphonia

151 2299 375 2352 byssoides‚
406 2297 658 2351 Bostrychiae
691 2297 759 2349 Sp.
790 2297 940 2348 plures,
971 2310 1173 2336 ramorum
1205 2301 1318 2349 parte
1349 2297 1557 2349 superiore
1583 2308 1667 2334 mo-

151 2366 402 2418 nosiphonea
434 2365 634 2417 insignes)
681 2375 779 2414 quas
823 2376 903 2402 non
950 2363 1093 2413 majori
1124 2363 1271 2414 injuria
1300 2364 1350 2403 ab
1381 2363 1542 2402 illarum
1572 2373 1667 2400 con-

149 2433 367 2485 generibus
399 2432 657 2470 distraheres.
716 2430 846 2468 Venae
877 2430 1183 2482 polysiphoneae
1214 2431 1269 2469 ita
1298 2430 1529 2482 conspicuas
1560 2428 1667 2466 Thu-

149 2500 264 2539 retiae
296 2499 563 2550 quei-cisoliae‚
608 2499 721 2537 velut
765 2497 896 2536 minus
940 2497 1180 2549 adparentes
1210 2496 1393 2549 Dictyuri
1425 2507 1596 2548 superne
1627 2495 1666 2532 in

150 2566 219 2604 tila
250 2565 572 2617 monosiphonea
602 2566 832 2615 solvuntur;
864 2563 905 2601 in
936 2563 1026 2601 aliis
1058 2563 1271 2615 speciebus
1295 2562 1409 2601 venis
1427 2561 1666 2612 analogira-

150 2632 249 2671 muli
281 2636 373 2671 sunt
402 2645 425 2670 a
456 2632 542 2671 basi
582 2629 908 2683 monosiphonei,
947 2630 1139 2680 quamdiu
1185 2628 1364 2680 steriles;
1410 2625 1665 2667 stichidiiferi

150 2699 192 2737 hi
224 2711 386 2751 quoque
416 2699 704 2752 polysiphonei
736 2698 922 2737 evadunt.
