1728 3110
55 138 362 193 Polysvffleom'a.
664 134 946 193 RuoDonEtEAE.
1450 134 1501 174 40
1517 134 1568 175 45

162 264 456 316 patentioribus
487 263 751 315 longiusculis
784 264 1038 303 mollioribus
1070 278 1092 302 a,
1122 266 1207 305 basi
1240 266 1361 317 longe
1392 269 1572 304 attenua-

160 330 223 376 tis,
254 331 434 369 articulis
467 331 663 369 diametro
707 330 932 380 aequalibus
975 336 1043 370 aut
1085 332 1476 384 sesquilongioribus
1524 330 1573 368 ad

159 397 347 448 genicula
378 397 703 444 sub-contractis,
747 397 1041 449 sphaerosporis
1083 399 1122 437 in
1156 399 1339 450 apicibus
1369 412 1573 438 ramorum

163 464 550 504 distorto-flexuosis
581 464 743 515 sparsis,
775 464 1012 503 keramidiis
1043 494 1051 503 .
1084 494 1092 502 .

143 566 245 600 Cont'.
272 568 525 600 socniculacea
551 567 672 609 Drap.
697 566 825 600 insen!

142 625 363 659 Hutchinsia
390 627 641 660 soeniculaeea
667 625 735 669 Ass.
762 624 861 667 Syst.
883 635 923 667 p.
952 626 1017 659 15ss
1045 628 1079 659 et
1102 624 1166 667 Sp.
1195 625 1275 668 Ala.
1301 625 1356 658 II.
1378 635 1418 667 p.
1451 627 1527 659 Col!

142 684 409 728 Polysiphonia
433 686 685 718 soenieulacea
711 683 744 718 J.
773 684 841 727 Ay.
869 683 951 727 Alq.
976 683 1066 717 med.
1090 693 1131 726 1).
1159 685 1259 717 137!3
1298 684 1410 718 Kz'tts.
1449 684 1513 727 Sp.
1534 694 1574 726 q).

52 741 133 774 8311

141 801 411 833 Broussonetia
438 801 652 844 nigrescens
681 799 788 834 Grave.

142 858 265 901 Polys.
294 859 479 892 multifida
504 858 603 892 Dub.
629 857 713 892 Bot.
742 857 837 891 Gall.
860 868 900 900 p.
928 859 1020 892 9662>

142 918 178 951 P.
204 918 379 950 tinctoria
408 915 577 950 Zcmarsl.
616 917 706 959 (fide
735 927 788 960 sp.
836 919 887 950 ita
925 918 1164 957 denominati,
1191 930 1209 951 a
1238 919 1381 951 Botteri
1411 919 1510 950 missi
1538 918 1572 949 in

50 975 117 1008 Hb.
143 975 366 1019 Lenorm.!).

158 1067 261 1107 Hab.
292 1067 332 1106 in
365 1068 532 1107 sinubus
565 1067 943 1118 sub-stagnantibus
975 1067 1097 1106 maris
1128 1067 1430 1107 mediterranei.

143 1171 287 1215 Caespes
313 1172 365 1204 3—v
382 1171 404 1204 4
430 1172 618 1215 pollicaris
644 1172 1075 1215 purpureo·l'uscescens,
1103 1171 1350 1204 exsiccatione
1374 1172 1487 1203 immo
1502 1172 1576 1212 gri-

52 1239 133 1262 seus
160 1234 221 1262 aut
251 1231 477 1272 nigrescens.
503 1230 581 1263 Fila
608 1231 783 1273 primaria
811 1240 908 1262 1111110
935 1231 1010 1262 sere
1027 1241 1184 1272 pennam
1200 1231 1430 1273 passerinam
1446 1240 1576 1267 crassa,

51 1289 161 1320 ramis
187 1289 404 1321 lateralibus
434 1289 687 1330 decomposita
715 1292 751 1320 et
778 1299 896 1332 usque
924 1289 961 1320 iu
989 1289 1209 1321 tenuitatem
1237 1288 1450 1331 capillarem
1475 1288 1578 1330 apice

50 1347 212 1380 reducta.
265 1348 371 1380 Rami
399 1347 610 1379 consimiles
637 1346 847 1390 ramulique
875 1347 1036 1379 minores
1065 1357 1130 1389 per
1157 1349 1273 1379 totam
1300 1346 1575 1388 longitudinem

50 1407 279 1449 intermixti3
307 1406 399 1438 rami
426 1405 705 1443 adscendentes,
732 1404 938 1446 interjectis
952 1405 1118 1437 articulis
1133 1404 1222 1437 4-ss
1238 1403 1414 1447 sejuncti’,
1441 1404 1575 1436 ramuli

52 1465 287 1507 patentiores,
314 1463 398 1506 plus
427 1465 549 1496 minus
576 1463 691 1502 densi,
718 1474 738 1495 a
764 1463 841 1495 basi
870 1462 980 1505 longe
1019 1464 1212 1503 attenuati,
1243 1462 1446 1502 molliores,
1474 1463 1575 1505 apice

52 1522 264 1554 nudiusculi
285 1525 347 1554 aut
374 1521 561 1554 fasciculis
579 1521 757 1553 fibrarum
774 1520 994 1553 lateralibus
1010 1524 1045 1552 et
1074 1521 1331 1553 terminalibus
1358 1520 1575 1564 penicillati.

51 1580 210 1613 Articuli
238 1582 273 1612 in
301 1580 431 1613 fronde
459 1581 632 1623 primaria
664 1582 700 1611 et
726 1581 838 1612 ramis
867 1579 1070 1619 majoribus
1095 1579 1140 1612 ob
1157 1579 1329 1621 genicula
1356 1579 1574 1611 obscuriora

52 1639 200 1682 quidem
228 1638 494 1681 distinguendi,
532 1638 714 1670 diametro
752 1638 914 1681 aequales
953 1641 1014 1669 aut
1054 1637 1384 1681 sesquilongiores,
1424 1640 1576 1669 externe

51 1700 173 1729 autem
215 1698 380 1730 corticati
421 1696 567 1729 cellulis
609 1697 828 1730 minoribus.
862 1698 899 1728 in
927 1697 1120 1739 superficie
1147 1697 1198 1736 (si
1225 1706 1270 1728 ex
1297 1697 1481 1728 exsiccata
1508 1695 1576 1728 hoc

51 1754 252 1797 dijudicare
280 1755 414 1793 audeo)
441 1755 525 1787 hinc
558 1755 738 1797 rugulosa
776 1755 1087 1798 prominentibus,
1128 1756 1226 1787 intra
1269 1758 1427 1787 stratum
1467 1756 1577 1788 corti-

52 1813 126 1846 cale
153 1814 394 1856 conspicuum
434 1812 608 1856 siphones
633 1813 655 1844 4
682 1815 778 1845 circa
816 1813 1018 1845 centralein
1056 1815 1091 1845 in
1134 1814 1297 1846 sectione
1336 1813 1577 1845 transversali

53 1873 264 1913 offerentes,
290 1871 437 1903 articuli
465 1871 696 1904 ramulorum
725 1871 948 1911 nudiusculi,
975 1871 1158 1904 diametro
1182 1873 1247 1904 vix
1263 1871 1578 1915 aequales,sipho·

52 1930 158 1962 nibus
184 1930 273 1962 2-{3
299 1930 408 1963 oculo
436 1931 656 1973 conspicuis.
691 1930 880 1970 Genicula,
908 1932 935 1962 si
966 1931 1210 1973 microscopio
1239 1930 1498 1970 observantur,
1524 1930 1576 1962 le-

52 1989 144 2020 viter
170 1991 359 2021 contracta
393 1991 585 2031 apparent.
635 1986 908 2032 Sphzrrosporze
936 1990 971 2021 in
1001 1989 1259 2032 superioribus
1297 1990 1410 2021 ramis
1452 2000 1576 2021 ramu-

52 2047 171 2091 lisque
205 2049 566 2082 distorto-flexuosis
605 2048 774 2087 evoluta,
812 2049 1015 2082 admodum
1055 2059 1200 2093 sparsae,
1237 2051 1289 2082 ita
1326 2054 1367 2081 ut
1404 2050 1468 2081 vix
1496 2049 1577 2092 plus

54 2116 162 2149 quam
190 2106 280 2139 2——3
305 2107 341 2138 in
369 2106 500 2139 eodem
526 2106 672 2139 ramulo
699 2106 868 2139 viderim.

144 2176 289 2219 Species
317 2177 394 2208 sine
421 2176 537 2208 dubio
564 2176 657 2208 bene
685 2175 859 2208 distincta
888 2180 923 2208 et
950 2175 1078 2209 habitu
1113 2177 1266 2219 proprio
1293 2186 1366 2209 non
1394 2186 1489 2218 {egre
1518 2175 1574 2207 di-

53 2233 286 2275 stinguenda.
337 2235 402 2266 Est
427 2233 625 2273 ramulosa,
651 2234 787 2266 ramuli
813 2238 949 2274 autem,
976 2236 1063 2278 quia
1090 2234 1280 2277 longiores
1308 2238 1343 2266 et
1372 2234 1576 2267 molliores.

56 2291 117 2322 vix
142 2294 292 2335 proprie
319 2292 494 2324 subulati.
544 2292 663 2325 Fibrae
701 2293 871 2336 apicales,
900 2293 1123 2337 plerumque
1162 2296 1373 2336 praesentes,
1412 2292 1574 2324 colorem

56 2349 217 2389 griseum
243 2352 307 2382 aut
333 2350 601 2382 fuscescentem
628 2349 763 2393 plantae
798 2351 979 2384 tribuunt.
1029 2352 1280 2385 Consistentia
1305 2351 1382 2383 fere
1409 2360 1574 2382 carnosa.

54 2405 95 2438 In
121 2417 216 2451 aqua
243 2408 387 2440 facilius
418 2409 617 2440 reviviscit.

145 2476 318 2509 Formam
345 2476 455 2518 liujus
482 2476 600 2510 habeo
627 2477 785 2510 ramulis
824 2479 1093 2521 patentissimis
1131 2478 1207 2509 fere
1246 2477 1531 2510 horizontaliter
1557 2488 1577 2509 3

56 2542 155 2565 ramo
183 2534 464 2577 egredientibus
492 2536 618 2578 (quam
633 2535 783 2568 demum
799 2536 1059 2580 capsuliseram
1074 2537 1239 2568 suturam
1255 2537 1364 2568 fuisse
1381 2537 1577 2578 suspicor).

56 2591 140 2633 Quae
167 2593 328 2636 quidem,
355 2595 384 2626 si
411 2595 677 2627 ramificatione
704 2595 748 2627 ad
775 2596 814 2628 P.
842 2595 979 2627 hirtam
1002 2595 1155 2627 tendere
1182 2595 1382 2633 videretur,
1409 2598 1574 2627 attamen

56 2660 75 2682 a
109 2651 147 2683 P.
184 2651 283 2684 hirta
321 2655 511 2685 structura
551 2653 797 2686 articulorum
837 2665 911 2687 non
952 2664 1047 2696 ¹tegre
1088 2654 1352 2696 distinguatur.
1413 2653 1574 2686 Articuli

56 2719 183 2752 nempe
209 2711 245 2743 P.
272 2710 379 2743 hirta*
408 2714 493 2743 sunt
532 2710 743 2754 breviores,
782 2711 957 2755 siphones
984 2713 1052 2754 ipsi
1081 2714 1168 2743 sunt
1194 2712 1231 2743 in
1258 2712 1296 2743 P.
1324 2712 1576 2744 foeniculaeea

57 2769 288 2809 angustiores
315 2773 349 2800 et
376 2769 576 2811 longiores,
604 2770 640 2801 in
667 2771 705 2802 P.
734 2770 833 2803 hirta
850 2771 1023 2806 (velutin
1039 2771 1077 2802 P.
1094 2767 1576 2812 1·-.unentaoeaHm·v.)bro-

57 2826 175 2858 viores
215 2831 250 2859 et
287 2827 451 2860 latiores.
500 2828 541 2860 In
567 2828 742 2861 inferiore
782 2833 886 2872 parte
912 2830 950 2861 P.
979 2828 1231 2861 socnieulacea
1268 2829 1384 2870 magis
1423 2839 1578 2862 carnosa

57 2883 201 2917 videtur
227 2889 339 2928 atque
367 2887 616 2920 exsiccatione
643 2887 786 2920 firmior
815 2891 851 2920 et
877 2889 1104 2930 nigrescens.

1415 2944 1480 2976 67*
