1728 3110
114 116 136 156 8
146 116 168 155 4
179 114 204 154 2
744 112 1029 155 finononmffi.
1413 121 1641 163 Alsidimn,

217 241 320 280 Hab.
351 241 391 278 in
424 240 525 278 mari
557 241 754 281 adriatico
786 243 836 281 ad
861 243 972 282 littus
1003 242 1242 294 Dalmatiae;
1273 243 1315 282 in
1341 244 1639 284 mediterraneo

108 309 157 347 ad
189 308 302 346 littus
334 308 466 346 Italiae
497 312 538 346 et
569 308 736 348 Galliae!

202 400 370 433 Frondes
397 411 417 432 a
443 403 569 433 crusta
601 400 675 433 late
704 412 868 445 expansa
894 412 1113 443 numerosae⁷
1141 404 1329 446 caespitem
1357 406 1523 436 erectum
1551 404 1640 437 2—5

108 458 328 502 pollicarem
366 459 583 499 formantes,
620 460 658 492 in
699 461 793 493 mari
831 461 907 492 sere
941 471 959 492 e
994 462 1118 503 griseo
1157 462 1335 501 nitentes,
1368 471 1520 494 emersae
1554 473 1640 505 pur-

107 520 366 559 purascentes,
413 519 663 551 exsiccatione
702 519 848 551 facilius
889 519 1114 552 decoloratae
1152 530 1198 551 ex
1237 520 1354 553 rubro
1392 520 1640 561 albescentes,

107 575 187 608 basi
225 576 394 608 crassitie
435 587 564 619 pennae
599 578 800 620 passerinae
838 581 903 610 aut
937 588 1056 621 usque
1090 579 1280 611 corvinam
1317 580 1552 622 attingentes,
1579 590 1640 612 su-

108 644 221 677 perne
260 636 470 674 atteiulatae,
508 645 817 678 quoquoversum
859 639 894 667 et
927 646 1020 678 vage
1056 636 1500 680 decomposito-ramosa,
1529 640 1640 671 ramis

108 693 251 724 inferne
286 693 526 735 paucioribus
559 704 719 736 superne
757 694 996 727 densioribus
1029 695 1311 737 subtastigiatae.
1360 696 1466 728 Rami
1494 686 1640 729 consor-

109 760 197 791 mes,
230 751 393 783 minores
420 761 440 783 a
466 751 545 783 basi
578 753 764 784 attenuati
796 751 962 784 molliter
995 753 1171 793 subulati⁷
1200 753 1356 786 ramulis
1383 754 1640 797 subpinnatim

110 808 235 841 obsiti.
294 808 445 841 Ramuli
472 808 658 851 juveniles
690 809 826 849 obtusi,
860 821 958 842 nunc
993 821 1145 854 quoque
1178 812 1355 854 penicillo
1390 812 1538 845 filorum
1568 816 1641 845 ter-

110 867 254 905 minati,
294 868 431 899 sensim
470 868 507 899 in
547 867 672 900 medio
710 869 917 908 incrassati,
950 870 1129 912 utrinque
1162 871 1344 902 attenuati
1373 870 1537 913 elongati
1567 882 1641 903 ma-

109 925 237 967 gisque
276 926 424 965 ramosi,
462 926 663 969 longisque
706 926 899 968 pedicellis
937 928 1042 969 quasi
1075 927 1217 960 suffulti
1250 928 1447 961 fasciculos
1480 929 1643 961 efficiunt

109 983 340 1015 ramulorum
368 984 620 1016 fusisormium
648 994 753 1016 secus
780 994 903 1017 ramos
931 985 1151 1028 dispositos,
1179 996 1225 1018 an
1257 986 1405 1018 demum
1434 986 1641 1019 fructiferi?

108 1041 290 1074 Stichidia
322 1053 394 1074 una
427 1052 509 1075 cum
538 1042 594 1075 his
624 1043 892 1086 provenientia,
919 1045 1148 1085 angustiora,
1175 1044 1393 1084 susiformia,
1422 1054 1641 1078 verrucoso-

111 1100 288 1140 torulosa,
316 1100 467 1133 demum
494 1102 702 1144 composita
724 1101 897 1143 longiora
924 1104 960 1133 et
989 1103 1161 1134 tenuiora
1186 1102 1261 1134 fere
1290 1102 1488 1144 filiformia,
1515 1106 1552 1136 at
1572 1104 1642 1136 cir-

109 1159 295 1190 cumcirca
322 1161 357 1189 et
384 1168 449 1200 per
490 1161 607 1190 totam
646 1159 722 1190 fere
754 1159 1031 1201 longitudinem
1065 1159 1286 1193 densissime
1320 1161 1640 1194 toruloso-verru-

109 1228 203 1257 cosa,
242 1218 400 1250 ramulis
433 1218 696 1251 fusisormibus
723 1220 861 1262 mixta·7
903 1218 1182 1262 sphaerosporas
1208 1221 1245 1252 in
1273 1222 1439 1253 verrucis
1474 1221 1640 1263 singulas

108 1276 298 1308 rarissime
334 1275 504 1308 evolutas
539 1276 749 1310 observavi.
807 1278 978 1310 Sectionc
1013 1278 1255 1310 transversali
1288 1279 1363 1311 vidi
1398 1278 1550 1311 cellulas
1578 1290 1640 1322 pe-

108 1333 328 1366 ricentrales
366 1333 466 1374 7-8,
499 1334 703 1367 centralem
736 1336 988 1378 prismaticam
1021 1337 1112 1378 ipsis
1136 1337 1317 1369 minorem
1346 1337 1639 1380 circumdantes3

107 1393 144 1424 in
183 1392 316 1424 fronde
354 1392 681 1435 longitudinaliter
728 1396 828 1425 secta
865 1394 1017 1436 adparet
1059 1394 1322 1437 pericentrales
1366 1394 1521 1427 cellulas
1561 1406 1641 1428 esse

108 1450 220 1493 paulo
248 1450 440 1492 longiores
467 1462 576 1494 quam
604 1451 709 1492 latas,
742 1455 777 1484 et
805 1462 934 1485 omnes
959 1463 1062 1495 aeque
1089 1452 1240 1495 longas3
1273 1453 1468 1485 corticales
1495 1453 1639 1485 cellulae

108 1509 270 1541 minores
311 1509 738 1552 rotnudato-anguiniaa
798 1510 830 1542 A
872 1511 1063 1553 superficie
1097 1512 1167 1543 visi
1199 1511 1293 1543 rami
1321 1511 1487 1544 minores
1514 1522 1638 1543 ramu-

107 1565 210 1609 lique
246 1567 610 1600 articillato-fasciati
644 1568 840 1611 adparent.
903 1568 1121 1601 Substantia
1148 1568 1312 1610 junioris
1345 1579 1639 1602 carnoso-mem-

107 1625 299 1665 branacea,
324 1626 524 1659 adultioris
553 1627 690 1658 eximie
722 1627 977 1669 cartilaginea.

202 1696 438 1739 Quamquam
473 1696 637 1739 plurima
670 1698 874 1739 specimina
905 1707 926 1729 a
958 1696 1116 1729 diversis
1149 1696 1241 1729 locis
1273 1697 1494 1736 examinavi,
1528 1698 1640 1729 raris-

108 1755 199 1787 sime
226 1754 420 1786 fructifera
448 1754 534 1787 vidi.
562 1755 771 1798 Speeimina
797 1755 952 1787 ramulis
980 1754 1241 1787 fusisormibus
1267 1754 1452 1787 instructa
1467 1757 1553 1787 sunt
1568 1756 1639 1787 fre-

108 1814 280 1856 quentia3
320 1817 356 1845 at
395 1812 675 1856 sphzrrosporas
712 1814 748 1845 in
788 1813 846 1845 his
884 1813 1038 1845 formari
1078 1813 1140 1844 vix
1177 1812 1381 1845 crederem.
1445 1813 1638 1855 Specimen

108 1871 228 1904 habeo
255 1872 360 1914 cujus
394 1871 530 1904 ramuli
564 1872 779 1903 fusisormes
807 1874 891 1903 sunt
920 1873 1027 1915 quasi
1053 1871 1215 1904 ulterius
1243 1872 1383 1905 evoluti
1408 1873 1446 1904 in
1473 1872 1639 1905 ramulos

108 1929 302 1962 filiformes
339 1929 540 1969 torulosos,
576 1931 640 1972 qui
673 1929 846 1962 stichidia
879 1932 1011 1962 effoeta
1043 1931 1122 1962 sine
1158 1930 1271 1962 dubie
1305 1930 1486 1973 efficiunt3
1520 1930 1638 1973 sphae-

107 1998 284 2030 rosporas
310 1989 345 2019 in
377 1988 610 2030 paucissimis
637 1991 673 2019 et
700 1987 994 2030 simplicioribus
1021 1988 1148 2020 videre
1177 1988 1266 2020 mihi
1295 1992 1441 2022 tantum
1469 1991 1638 2033 contigit.

108 2045 241 2079 Crusta
274 2045 457 2085 radicalis,
489 2056 571 2088 quze
605 2055 700 2087 saepe
735 2045 837 2078 ultra
871 2045 1057 2089 pollicaris
1090 2049 1320 2090 expansione
1352 2049 1526 2089 cernitur,
1552 2059 1638 2081 con-

109 2106 181 2136 stat
221 2103 367 2135 cellulis
406 2103 603 2146 angulatis,
640 2105 677 2136 in
718 2104 856 2147 quibus
894 2105 1052 2146 granula
1092 2105 1253 2148 plurima
1290 2106 1481 2148 amylacea
1518 2106 1637 2148 (jodio

109 2163 422 2203 coerulescentia)
448 2164 536 2196 vidi.
564 2164 703 2197 Alsidii
726 2164 895 2197 corallini
917 2165 1075 2197 sormam
1099 2167 1283 2198 minorem
1300 2169 1509 2199 memorant
1524 2168 1637 2200 Moris

109 2224 144 2254 et
176 2221 326 2254 Notaris
360 2218 437 2262 (Fl.
466 2218 577 2262 Gapr.
598 2230 638 2263 p.
667 2222 752 2263 196)
780 2222 886 2265 enjus
913 2222 1060 2255 nullum
1088 2224 1164 2256 vidi
1192 2225 1389 2267 specimen.
1439 2225 1638 2258 Zanardini

108 2282 253 2312 iconem
286 2280 331 2312 ab
366 2280 559 2322 Agardhio
594 2281 728 2321 datam,
755 2284 885 2324 utpote
912 2292 1034 2325 neque
1061 2281 1231 2315 habitum
1258 2292 1379 2326 neque
1407 2285 1636 2316 structuram

108 2338 202 2370 bene
230 2342 491 2381 exponentem,
529 2349 684 2382 carpens
722 2339 833 2371 aliam
866 2339 978 2379 dedit,
1011 2350 1123 2383 quam
1149 2339 1249 2372 haud
1276 2340 1469 2372 meliorem
1492 2340 1636 2382 judica-

108 2407 200 2429 rem.
251 2398 486 2431 Strueturam
519 2397 649 2429 saltem
677 2396 787 2429 aliam
815 2397 910 2440 vidi3
939 2397 1084 2430 fructus
1111 2401 1237 2430 autem
1264 2398 1463 2432 Zanardini
1491 2399 1634 2441 primus

108 2456 326 2489 observasse
353 2456 518 2499 adparet.

107 2582 145 2621 3.
176 2583 225 2620 A.
258 2583 512 2622 BLODGETTH
549 2581 688 2631 (Ham).
726 2581 818 2619 Ner.
856 2582 948 2620 Bor.
986 2581 1073 2620 Am.
1100 2595 1143 2630 p.
1175 2581 1246 2630 16)
1277 2582 1422 2622 fronde
1452 2582 1634 2622 filiformi

217 2650 336 2688 tereti
378 2649 576 2701 pinnatim
616 2649 1078 2700 deeomposito-ramosa
1115 2649 1381 2701 pyramidata,
1420 2650 1542 2687 ramis
1572 2663 1633 2687 ra-

218 2716 338 2754 chide
386 2716 576 2768 elongata
621 2715 906 2767 subplumosis‚
944 2716 1112 2753 ramulis
1151 2727 1478 2766 quoquoversum
1518 2728 1633 2767 egre-

219 2783 424 2822 dientibus
468 2782 582 2834 vagis
620 2794 642 2820 a
682 2782 767 2822 basi
805 2782 1021 2820 attenuatis
1066 2781 1262 2821 subulatis
1306 2781 1520 2828 mollibus,
1565 2781 1632 2820 sti-

219 2849 365 2887 chidiis
397 2877 570 2887 .....
610 2847 847 2887 keramidiis
886 2848 937 2886 ad
974 2861 1108 2886 ramos
1145 2847 1323 2887 minores
1353 2848 1503 2898 sparsis
1542 2848 1631 2886 bre-
