1728 3110
135 130 157 169 8
168 130 190 169 5
202 129 224 167 8
754 121 1037 162 RnoDoMELEAE.
1434 122 1660 163 Alsz‘climn.

240 255 342 293 Hab.
387 253 438 291 ad
483 264 574 291 oras
620 250 816 288 australes
855 253 895 287 et
933 246 1211 287 occidentales
1247 246 1377 285 Novae
1407 245 1661 295 Hollandiae;

130 323 179 360 ad
211 320 500 359 Tasmanniam
530 317 758 369 (Harveyl)

221 412 341 445 Frons
369 409 466 442 ultra
494 409 638 453 pedalis
666 408 871 450 segmentis
897 406 987 438 4-5
1015 405 1171 448 pollices
1196 404 1330 446 longis,
1357 414 1454 436 nunc
1480 403 1556 435 sere
1584 402 1663 445 pol-

133 471 237 502 lis-em
278 469 373 501 latis.
437 468 566 501 Planta
611 468 721 510 primi
760 466 844 498 anni
882 464 1098 497 dichotoma
1132 461 1354 505 pinnatifida
1387 462 1553 503 Speciem
1588 470 1663 491 ma-

125 528 247 568 jorem
287 527 479 569 Halyseris
518 528 689 565 revocat·7
729 527 839 556 costa²
877 523 975 554 infra
1012 522 1135 564 apices
1174 522 1437 553 evanescentes
1480 521 1566 550 sunt
1602 521 1664 550 aut

132 584 250 625 und-(12,
284 588 347 616 aut
379 583 520 627 phyllis
554 583 708 614 minutis
744 580 1044 624 prolitieantibus
1078 580 1291 619 instructae·7
1320 576 1450 620 phylla
1476 577 1551 608 sere
1581 577 1661 607 uni-

132 644 275 679 formia,
314 653 412 674 nunc
449 641 652 673 admodum
693 640 805 672 densa
846 639 920 670 fere
956 640 1097 670 costam
1133 636 1360 678 obtegentia.
1417 635 1501 668 Haec
1529 635 1662 666 sensim

132 704 365 738 excrescunt,
397 703 432 731 et
464 700 602 731 lamina
636 698 810 741 primaria
846 697 993 728 detersa
1024 695 1178 728 frondes
1214 703 1306 735 vage
1343 692 1595 736 prolificantes
1631 696 1665 723 et

131 759 380 801 irregularius
416 768 583 791 ramosas
617 757 794 789 efficiunt.
851 755 983 787 Planta
1016 753 1085 785 hoc
1118 753 1238 785 stadio
1267 753 1384 793 magis
1414 751 1663 783 Delesscriam
1691 750 1693 752 ’

130 819 387 861 platycarltmm
426 817 551 848 refert.
610 815 781 857 Utroque
822 812 944 845 stadio
984 810 1123 843 chartae
1156 810 1421 849 adhaerentem,
1455 819 1551 840 nunc
1579 818 1665 841 vero

130 879 287 911 liberam
326 878 415 910 vidi.
477 876 631 919 Qualem
668 876 705 907 iu
738 874 823 906 Ner.
857 875 973 905 austr.
1002 872 1175 915 depinxit
1200 871 1360 911 Harvey,
1388 869 1501 901 talem
1529 871 1564 900 et
1592 871 1663 900 tam

132 940 329 979 angustam
357 935 478 968 adhuc
505 937 583 978 ipse
611 944 684 966 non
712 933 840 965 habui.
891 931 1005 964 Color
1031 941 1049 962 e
1076 929 1188 963 badio
1215 937 1502 972 purpurascens.

134 1099 385 1155 CXXXI
426 1099 682 1151 ALSIDIUM
730 1113 767 1151 C.
797 1112 870 1160 Ay.
902 1111 1022 1159 Awfa.
1053 1122 1140 1148 wem.
1171 1109 1321 1157 Αῖ9.]3.
1349 1109 1399 1147 15
1425 1109 1466 1146 iaz
1483 1107 1667 1155 Reyewsb.

244 1185 369 1222 Flora
406 1182 511 1222 1827
552 1185 587 1220 et
624 1182 725 1219 Imm.
764 1179 852 1226 Alps.
892 1179 991 1217 Em:
1023 1190 1083 1215 nso
1114 1177 1187 1214 IX.
1257 1175 1404 1215 Alsidii
1436 1188 1493 1226 sp.
1525 1174 1559 1211 J
1590 1173 1666 1219 Aa.

247 1255 281 1289 οἵ
310 1251 422 1289 Auci.

134 1354 263 1391 Frons
294 1350 556 1390 teretiuscula
589 1348 806 1393 filit'ormis,
846 1346 1100 1385 dichotomo-
1132 1349 1201 1383 aut
1231 1345 1433 1396 pinnatirn
1474 1356 1576 1395 vage
1606 1356 1666 1382 ra-

246 1432 372 1465 mosa,
404 1415 806 1455 articulato-fasciam
836 1418 876 1451 et
902 1413 1004 1451 intra
1038 1411 1232 1451 corticem
1261 1411 1561 1463 polysiphonia,
1587 1410 1666 1447 cel-

248 1486 340 1523 lulis
385 1484 574 1523 nimirum
622 1481 730 1520 4-8
775 1481 881 1518 circa
932 1480 1154 1518 cena-alem
1200 1478 1241 1516 in
1282 1479 1422 1517 orbem
1464 1476 1668 1529 dispositis

247 1565 364 1603 aeque
395 1551 549 1602 longis,
588 1550 830 1599 cellulisque
861 1547 1136 1586 exterioribus
1168 1546 1424 1585 brevioribus
1462 1549 1668 1583 contexta.

248 1619 482 1657 Kerame'dia
520 1617 788 1667 subt-globosa,
828 1615 935 1652 intra
973 1613 1245 1665 pericarpium
1285 1612 1547 1658 cellulosum,
1585 1623 1668 1648 car-

248 1684 452 1736 postomio
483 1687 687 1735 protracto
720 1686 926 1733 apertum,
958 1679 1180 1730 gemmidia
1212 1679 1386 1717 obovata
1420 1678 1459 1715 in
1500 1677 1668 1715 articulo

249 1751 454 1789 terminali
499 1749 660 1787 filorum
700 1761 721 1785 a
753 1748 938 1799 placenta
987 1745 1233 1784 radiantium
1272 1744 1466 1783 foventia.
1539 1744 1667 1791 Sphoe-

249 1830 417 1865 rosporoe
461 1817 501 1854 in
546 1815 713 1854 ramulis
760 1814 830 1852 vix
876 1812 1173 1857 transmutatis,
1220 1812 1383 1850 demum
1433 1822 1668 1849 verrucoso-

250 1884 441 1923 torulosis
489 1881 816 1933 persistentibus,
857 1879 1073 1931 subspirali
1114 1878 1258 1917 ordine
1296 1877 1560 1916 circumcirca
1591 1876 1668 1914 dis-

251 1951 411 2003 positae,
443 1949 484 1987 in
515 1948 696 1988 articulis
728 1947 914 1997 singul-(e,
946 1945 1150 1996 triangule
1181 1943 1337 1983 divisae.

251 2051 435 2090 Frondes
474 2063 492 2087 a
535 2050 647 2087 disco
687 2060 884 2099 expanso,
923 2059 1030 2084 nunc
1070 2045 1265 2091 maximo,
1303 2048 1372 2082 aut
1408 2057 1429 2081 a
1470 2043 1595 2095 plexu
1627 2041 1670 2080 fi-

141 2121 262 2158 broso
306 2118 475 2156 radicali
521 2116 822 2167 provenientes,
869 2113 1109 2164 czespstosae,
1155 2111 1448 2156 erectiusculae,
1487 2114 1670 2149 recentes

142 2198 195 2224 ex
239 2185 361 2224 rubro
411 2185 764 2235 purpurascentes,
812 2180 1091 2218 exsiccatione
1134 2182 1174 2217 et
1212 2177 1472 2230 expositione
1511 2176 1669 2214 facilius

143 2252 404 2296 decoloratae,
444 2249 656 2288 filiformes
688 2252 728 2285 et
761 2246 1049 2291 teretiusculoe,
1082 2258 1189 2283 nunc
1219 2244 1380 2296 parcius
1410 2256 1582 2282 ramosae
1613 2242 1670 2280 di-

143 2319 344 2357 ohotomae
389 2320 457 2355 aut
500 2328 604 2366 vage
642 2314 871 2360 ramulosae,
910 2326 1016 2351 nunc
1057 2313 1186 2364 magis
1223 2311 1421 2364 pinnatim
1455 2309 1670 2349 subdivisae

144 2389 185 2423 et
222 2395 549 2435 quoquoversum
587 2381 889 2425 ramosissimae,
930 2393 1086 2417 sursum
1127 2382 1359 2423 attenuatae,
1404 2377 1584 2429 partibus
1614 2379 1670 2413 te-

143 2451 355 2490 nuioribus
394 2450 483 2501 plus
521 2449 653 2486 minus
703 2447 914 2485 evidenter
960 2446 1152 2484 fasciatis.
1218 2444 1455 2483 Keramidia
1491 2444 1555 2493 (in
1596 2453 1671 2480 una

145 2517 282 2569 specie
313 2521 467 2554 tantum
499 2528 522 2552 a
553 2527 616 2552 me
647 2514 755 2563 visa)
786 2526 805 2550 a
839 2513 995 2550 ramulo
1028 2512 1324 2556 transformata,
1365 2522 1503 2561 sparsa
1534 2514 1573 2546 et
1602 2520 1669 2559 pe-

145 2584 294 2622 dicello
340 2583 430 2633 plus
477 2581 610 2618 minus
651 2580 841 2630 elongato
882 2579 1026 2616 ramuli
1066 2577 1271 2616 fulcientis
1308 2575 1541 2620 insidentia,
1581 2573 1669 2612 sub-

146 2650 315 2700 globosa
360 2646 633 2699 carpostomio
679 2646 876 2697 producto
922 2649 1131 2696 superata;
1186 2642 1458 2695 pericarpium
1505 2640 1668 2678 cellule-

146 2728 232 2752 sum
277 2714 620 2759 disti-omaticum,
665 2711 824 2750 cellulis
873 2710 1061 2761 oblongis
1105 2708 1354 2754 subseriatis,
1399 2706 1669 2745 exterioribus

147 2779 462 2830 angustioribus,
494 2783 753 2826 contextum;
799 2777 987 2828 placenta
1026 2775 1173 2814 basalis
1212 2774 1281 2812 fila
1318 2773 1555 2815 abbreviata
1584 2771 1668 2822 plu-

147 2847 249 2884 rima
280 2847 516 2885 fasciculata
546 2858 754 2891 exserens,
787 2857 956 2894 quorum
982 2844 1020 2881 in
1047 2843 1228 2881 articulis
1252 2841 1535 2880 terminalibus
1561 2851 1668 2890 gem-
