1728 3110
137 118 158 158 7
169 118 194 160 9
203 119 227 159 6
758 116 1045 158 Ruonomsstrffi.
1357 120 1667 174 Chondriopsis.

132 249 302 288 teriores
348 248 623 286 fuscescentes
669 248 858 295 evadunt,
905 249 1223 288 endochromate
1268 248 1508 287 cellularum
1552 248 1663 287 strati

136 315 371 354 intermedii
403 327 512 367 saepe
545 315 698 353 eximie
730 316 1050 354 coerulescente.

245 382 482 421 Keramidia
514 395 535 420 a
566 383 737 429 ramulo,
777 383 817 420 in
849 383 930 421 alio
962 386 1168 429 nascente,
1200 383 1441 434 plerumque
1471 381 1665 420 transfor-

135 451 242 486 mata
271 452 341 486 aut
370 449 427 487 ita
457 453 500 487 ut>
528 449 707 487 ramulus
738 449 941 487 sustinens
972 450 1042 487 vix
1072 453 1247 487 mutatus
1264 448 1490 486 keramidia
1508 447 1668 499 singula

133 519 202 553 aut
245 516 361 567 plura
405 520 541 567 geratq
586 520 655 554 aut
685 516 740 553 ita
774 520 815 554 ut
843 516 1022 554 ramulus
1053 516 1256 555 sustinens
1289 515 1571 567 maximopere
1601 527 1664 553 re-

134 581 277 619 ductus
309 581 418 620 vices
449 583 602 634 proprii
636 582 828 634 pedieelli
862 583 1067 631 obtineat;
1106 595 1211 635 apex
1245 583 1388 621 ramuli
1431 581 1666 621 sustinentis

132 659 240 685 nunc
284 648 325 686 in
364 649 569 700 apiculum
602 649 774 687 liberum
808 649 1001 695 excurrit,
1034 650 1102 700 qui
1134 650 1304 688 calcaris
1336 650 1426 688 loco
1458 648 1563 686 infra
1594 648 1664 686 ke-

132 714 349 753 ramidium
395 716 522 754 adest.
582 716 864 754 Keramidium
911 716 1041 768 ipsum
1089 722 1150 754 est
1192 721 1368 761 ovatum,
1400 727 1508 753 nunc
1539 714 1667 766 magis

133 780 511 832 globoso-ovatum,
557 795 664 821 nunc
709 783 839 834 magis
884 784 923 821 in
974 784 1217 822 urceolatam
1264 782 1436 821 formam
1483 781 1667 826 tendens,

134 849 408 899 cai-postomio
440 849 521 886 late
553 850 690 888 hiante
722 863 896 903 superne
928 851 1202 888 terminatum.
1264 848 1543 900 Pericarpium
1574 847 1666 887 sub-

134 913 472 961 distromaticum,
517 916 678 954 cellulis
725 917 999 956 exterioribus
1050 918 1302 956 brevioribus
1348 914 1667 954 subinordinatis

133 980 363 1032 simplicem
398 982 546 1020 seriem
579 982 861 1029 formantibus,
893 984 1157 1023 interioribus
1188 983 1443 1035 longioribus
1474 986 1514 1020 et
1538 980 1667 1032 magis

134 1058 250 1085 secus
295 1048 594 1099 longitudinem
643 1051 969 1089 excurrentibus.
1037 1051 1216 1088 Nucleus
1248 1054 1407 1089 constat
1437 1048 1517 1086 filis
1547 1048 1666 1086 fasci-

133 1113 277 1152 culatis
305 1126 327 1152 a
358 1115 544 1166 placent-a
579 1116 844 1162 radiantibus,
889 1130 1060 1167 quorum
1101 1118 1141 1154 in
1173 1116 1354 1154 articulis
1384 1114 1667 1153 terminalibus

133 1180 356 1231 gemmidia
387 1182 627 1233 pyriformia
658 1188 889 1222 nascuntur.
921 1209 974 1212 ψ-
1007 1184 1311 1235 Sphaerosporae
1344 1183 1383 1220 in
1409 1180 1576 1219 ramulis
1596 1180 1667 1218 vix

134 1246 217 1285 ullo
262 1247 384 1286 modo
431 1249 730 1288 transformatis
768 1251 1032 1298 evolvuntur;
1065 1251 1105 1288 in
1138 1250 1296 1288 cellulis
1328 1246 1667 1300 pericentralibus

133 1319 252 1359 natae,
299 1314 339 1352 in
387 1315 531 1353 eodem
579 1317 751 1355 articulo
792 1318 927 1368 plures
959 1321 1000 1355 et
1029 1317 1293 1355 circumcirca
1325 1315 1614 1363 obvenientes3
1646 1326 1669 1351 a

133 1380 350 1431 superficie
394 1382 492 1420 visae
540 1382 664 1427 (intra
696 1384 910 1428 corticem)
950 1385 1152 1422 iunnersae
1185 1383 1384 1434 adparent
1414 1385 1454 1419 et
1485 1380 1666 1418 seriebus

135 1448 488 1495 transversalibus,
534 1450 631 1488 licet
677 1451 808 1488 minus
840 1451 1086 1503 conspicuis,
1118 1450 1342 1501 dispositae.
1402 1448 1455 1487 Ut
1484 1448 1524 1486 in
1557 1447 1666 1486 Rho-

135 1517 333 1556 domeleis
379 1519 470 1556 aliis
518 1533 656 1558 norma
698 1526 771 1565 est,
803 1520 1018 1558 inferiores
1050 1520 1345 1571 sphaerosporae
1376 1516 1552 1568 primum
1583 1528 1666 1553 ma-

134 1589 248 1630 turae,
280 1585 590 1635 insequentibus
622 1587 771 1624 sensim
805 1587 1105 1637 supe1·i‹;›ribus;
1139 1588 1458 1623 maturescentes
1489 1582 1665 1632 ideoque

135 1652 310 1702 majores
342 1652 636 1704 sphaerosporae
670 1653 745 1691 hoc
778 1653 898 1691 modo
931 1666 1073 1690 zonam
1107 1652 1336 1690 breviorem
1363 1650 1557 1695 efficiunt,
1575 1662 1665 1699 quae

133 1729 205 1768 pro
251 1721 371 1756 aetate
416 1719 456 1756 in
502 1718 637 1756 media
681 1724 749 1757 aut
793 1719 1003 1771 superiore
1046 1723 1160 1770 parte
1192 1718 1337 1756 ramuli
1369 1716 1666 1768 conspiciatur3

132 1796 223 1822 raro
269 1783 375 1822 infra
420 1785 598 1823 medium
644 1786 941 1837 sphaerosporae
986 1786 1241 1823 evolvuntur.
1317 1783 1558 1821 Antheridia
1596 1782 1666 1821 ob-

134 1855 346 1889 servarunt
390 1851 431 1889 in
479 1851 551 1890 Ch.
592 1852 831 1890 tenuissima
862 1853 1018 1890 Derbes
1050 1857 1089 1890 et
1121 1852 1255 1890 Solier
1286 1851 1471 1899 (Physiol.
1504 1850 1568 1887 des
1597 1848 1667 1886 Al-

131 1930 227 1965 ffltes
263 1931 303 1965 p.
335 1917 399 1957 75.
432 1919 490 1955 ΡΖ.
523 1918 614 1967 19);
647 1919 733 1970 ipse
764 1919 805 1957 in
839 1918 911 1957 (th.
944 1918 1194 1970 dasyphyllae
1226 1918 1369 1956 forma.
1428 1916 1527 1953 Mihi
1560 1915 1667 1953 circa

134 1984 271 2035 apices
316 1985 578 2030 ramulorum,
618 1998 640 2022 e
672 1985 802 2022 foveis
836 1984 1067 2036 superficiei
1102 1982 1354 2034 emergentia
1385 1982 1573 2027 obovata,
1606 1981 1665 2018 in-

135 2054 195 2087 tra
224 2054 390 2088 tenuem
429 2052 720 2096 membranam,
753 2051 912 2089 cellulis
944 2050 1286 2088 translucentibus
1318 2048 1546 2093 formatam,
1577 2059 1665 2099 gra-

135 2116 240 2153 nulis
271 2116 457 2167 plurimis
488 2117 771 2155 minutissimis
802 2116 1029 2155 constantia
1061 2117 1337 2165 obvenerunt;
1368 2120 1554 2153 auctores
1580 2114 1666 2151 lau-

136 2182 217 2221 dati
264 2183 439 2234 primum
484 2184 759 2229 teretiuscula,
791 2184 940 2221 sensim
974 2183 1087 2233 quasi
1121 2195 1142 2220 e
1170 2182 1278 2233 spira
1308 2181 1493 2220 revoluta
1523 2180 1664 2232 expla-

135 2254 229 2287 nata
260 2250 517 2300 describunt;
557 2250 636 2289 filis
654 2250 901 2288 fasciculatis
927 2250 977 2288 ad
996 2249 1133 2300 apices
1150 2248 1381 2300 conspicuis
1399 2251 1500 2293 orta,
1518 2259 1665 2298 nempe

135 2315 460 2355 coalescentibus
492 2316 571 2353 filis
602 2316 788 2368 plurimis
820 2316 1105 2354 transformata
1136 2315 1318 2353 credunt.

247 2380 400 2425 Genus,
446 2382 566 2430 quale
612 2382 734 2420 bodie
780 2381 1050 2426 constituitur,
1096 2381 1182 2418 fere
1222 2382 1353 2419 adhuc
1384 2381 1512 2431 magis
1544 2392 1664 2430 quam

137 2447 309 2498 plurima
339 2446 432 2492 alia,
464 2448 610 2485 multas
641 2448 765 2486 subiit
790 2446 1128 2486 modificationes.
1175 2448 1451 2492 Lamouroux,
1477 2446 1546 2496 qui
1563 2446 1665 2483 Lau-

136 2513 317 2551 renciam
349 2513 627 2559 constituerat,
676 2513 1024 2565 Chondriopsides
1057 2519 1213 2552 nostras
1247 2514 1290 2551 af
1317 2514 1571 2564 Gigartinam
1601 2526 1664 2550 re-

137 2579 238 2617 tulit.
297 2579 462 2630 Agardh
502 2578 720 2618 Chondriae
752 2592 879 2630 genus
910 2581 1122 2631 proposuit.
1152 2581 1366 2631 speciebus
1397 2579 1664 2618 inarticulatis

138 2645 412 2691 liliformibus,
444 2658 611 2696 quarum
645 2647 849 2697 duplicem
868 2646 1224 2685 fructificationem
1244 2651 1339 2685 tunc
1356 2646 1551 2697 temporis
1568 2659 1663 2697 cog-

137 2712 262 2749 nitam
296 2712 537 2758 habuerunt,
568 2712 727 2762 adjecto
759 2713 924 2763 insuper
955 2713 1187 2751 charactere
1220 2712 1490 2764 egemmidiis
1513 2712 1663 2764 petito:

137 2789 264 2828 genus
308 2778 364 2816 ita
394 2778 619 2816 institutum
652 2779 809 2830 species
841 2779 986 2816 multas
1018 2779 1311 2831 heterogeneas
1343 2779 1662 2830 comprehende-

140 2843 218 2880 bat.
277 2844 459 2881 Greville
505 2845 808 2895 Agardbianum
855 2858 981 2895 genus
1029 2845 1247 2884 Chondriae
1286 2846 1429 2883 iterum
1463 2846 1661 2891 dissolvit,
