1728 3110
130 98 153 138 3
164 97 186 137 8
196 97 219 137 Ο
752 95 1033 137 ΗΗουοΜΕιΕᾹῑ.
1376 102 1641 144 Rhodomeln,

214 223 446 257 Rhodomela
487 224 677 257 Gaimardi
716 221 837 257 Gaud.
874 223 914 258 in
943 224 1011 268 Ay.
1037 223 1102 267 Sp.
1130 223 1212 267 Aly.
1237 223 1270 258 I.
1290 233 1331 267 p.
1357 226 1435 259 380.
1482 223 1580 268 Syst.
1600 233 1642 267 p.

124 283 205 315 200!
229 280 333 323 Boo-y
365 279 450 324 Voy.
479 279 590 324 Coqu.
610 291 651 324 1).
679 283 745 316 215
770 282 842 316 tab.
869 284 910 316 22
928 282 993 327 fiy.
1021 284 1063 317 Γ.)

231 350 332 389 Hab.
363 350 404 389 in
437 350 601 390 Oceano
627 352 790 390 australi
815 353 865 391 ad
883 353 1039 391 Insulas
1054 353 1281 392 Malouinas
1298 352 1640 402 (Gaudichauffl).

212 429 330 462 Frons
355 428 444 461 4-ff6
470 429 671 472 pollicaris,
698 431 892 472 filiformis,
918 442 1077 475 pennam
1104 433 1330 474 passerinam
1358 433 1394 464 in
1421 434 1524 475 parte
1550 432 1640 464 infe-

123 488 219 519 riore
257 488 320 520 vix
355 499 487 528 crassa,
513 499 657 522 sursum
691 493 889 531 attenuata,
916 491 1183 535 decomposita,
1208 492 1389 535 pinnatim
1408 494 1443 523 et
1469 502 1639 535 quoquo-

123 556 268 578 versum
297 557 452 588 ramosa,
479 549 591 580 ramis
618 548 821 590 majoribus
849 550 1128 592 patentissimis,
1154 560 1219 592 per
1234 552 1350 582 totam
1365 549 1639 592 longitudinem

121 604 328 637 minoribus
355 609 390 638 et
418 606 653 639 tenuioribus
681 609 839 650 sparsim
866 608 1029 651 virgata,
1057 609 1150 640 rami
1165 609 1342 648 minores,
1362 610 1535 639 caeterum
1552 617 1636 640 con-

120 662 267 703 formes,
293 664 495 697 admodum
523 667 701 707 patentes‚
722 667 855 697 seriem
872 665 1106 698 ramulorum
1135 666 1294 709 denique
1321 667 1544 698 emittentes.
1570 666 1640 699 Ra-

120 721 214 754 muli
241 723 424 765 pinnatim
452 723 625 767 dispositi
651 726 688 755 at
721 734 1026 768 quoquoversum
1062 724 1305 767 egredientes,
1332 723 1535 763 filiformes,
1560 723 1639 756 basi

119 781 182 812 vix
210 782 408 821 tenuiores,
435 783 537 825 apice
564 783 756 823 attenuati,
776 781 946 824 juniores
978 783 1053 814 sere
1086 783 1282 822 articulati,
1308 782 1475 815 articulis
1500 782 1639 815 diame-

116 842 174 871 tro
202 839 482 883 subaeqiialibus
523 840 739 884 3-sipliones
766 840 988 874 latiusculos
1016 841 1324 874 monstrantibus.
1374 841 1489 884 Apice
1515 826 1639 873 ramus

118 897 239 929 lorum
268 897 488 938 antheridia,
514 899 627 931 modo
654 898 929 942 Polysiphoniae
956 900 1146 942 disposita,
1172 898 1551 940 lancoideo-oblonga
1576 898 1638 930 ad-

117 957 214 987 sunt.
275 956 444 989 Set—tione
488 957 727 989 transversali
772 958 863 989 rami
901 957 1072 989 frondem
1112 958 1245 989 leviter
1286 967 1537 1000 compressam
1575 958 1637 998 (an

116 1016 262 1046 tantum
290 1015 609 1057 001npressioue?)
639 1014 860 1058 siphonibus
887 1016 1198 1059 pericentralibus
1213 1015 1243 1054 4,
1259 1016 1415 1049 totidem
1441 1015 1638 1047 exteriori-

116 1073 240 1106 oribus
267 1076 303 1105 et
341 1073 508 1106 cortieali
546 1077 662 1106 strato
701 1075 830 1107 cinctis
868 1085 1081 1118 percursam
1126 1076 1220 1119 vidi·⁷
1259 1077 1295 1108 in
1333 1078 1434 1117 parte
1461 1075 1637 1107 inferiore

114 1131 257 1165 frondis
284 1131 458 1175 sipliones
485 1132 750 1175 periccutrales
777 1134 902 1166 forsan
930 1133 1056 1177 plures
1086 1137 1182 1173 sunt,
1196 1137 1232 1166 at
1247 1144 1344 1176 aegre
1365 1132 1636 1175 distinguendig

114 1192 271 1223 interius
297 1194 418 1224 totum
445 1192 521 1223 fere
558 1191 702 1224 cellulis
739 1192 1010 1235 irregularibus
1047 1196 1267 1236 occupatum
1296 1192 1384 1226 vidi.
1434 1191 1547 1225 Color
1574 1202 1637 1223 ex-

116 1250 258 1281 siccatae
286 1250 483 1291 nigricans,
510 1248 636 1281 charta
660 1254 934 1294 ati-opurpureo
963 1252 1101 1283 suffusa
1125 1252 1179 1292 (iu
1207 1252 1364 1291 nostra).

205 1307 337 1339 Planta
364 1307 492 1339 multis
519 1308 643 1340 dubiis
682 1308 803 1341 adhuc
842 1311 994 1352 vexata3
1036 1308 1123 1341 mihi
1151 1310 1292 1341 fructus
1319 1309 1451 1351 ignoti,
1476 1307 1637 1351 ideoque

115 1375 232 1407 genus
259 1365 435 1409 dubium·7
463 1377 508 1398 ex
541 1366 668 1407 sterili,
694 1377 801 1410 aequo
827 1368 903 1399 fere
925 1367 1008 1409 jure
1035 1366 1310 1410 Polysiphoniae
1338 1367 1489 1410 species.
1538 1365 1637 1398 Rho-

115 1424 262 1457 domela
288 1424 479 1458 Gaimardi
505 1425 612 1458 Hook
640 1429 676 1458 et
701 1426 812 1459 Harv.
846 1429 901 1459 est
928 1426 1055 1469 planta
1081 1426 1246 1469 diversa,
1274 1429 1401 1458 utrum
1438 1424 1510 1456 alia
1537 1434 1636 1467 quae-

115 1482 197 1516 dam
226 1485 366 1527 specics
393 1495 439 1516 ex
465 1485 695 1527 Harveyanis
722 1495 806 1517 cum
833 1484 1073 1528 Agardhiana
1100 1485 1260 1517 identica
1285 1485 1341 1523 sit,
1367 1482 1537 1517 decidere
1562 1492 1635 1515 non

114 1543 301 1583 auderem,
327 1543 585 1576 deficientibus
613 1544 877 1586 speciminibus
914 1543 1178 1576 authenthicis.
1228 1543 1296 1577 Rh.
1335 1542 1461 1586 patula
1498 1541 1635 1574 dicitur

113 1601 213 1635 haae
240 1601 430 1636 Gaimardi
457 1602 574 1635 Hook.
603 1605 638 1633 et
663 1602 774 1634 Harv.
815 1603 866 1634 ita
904 1603 1034 1641 affinis,
1072 1604 1114 1634 ut
1152 1602 1275 1635 forsan
1303 1603 1446 1634 tantum
1474 1601 1634 1633 varietas

115 1664 230 1702 esset,
257 1659 356 1703 quod
385 1660 429 1692 de
455 1659 524 1692 Rh.
552 1659 741 1693 Gaimardi
766 1660 837 1702 Ag.
865 1661 928 1692 vix
954 1660 1086 1692 valeat.
1121 1659 1208 1692 Ieon
1233 1659 1301 1693 Rh.
1328 1669 1485 1692 comosac
1509 1660 1547 1691 in
1574 1657 1633 1691 Cr.

114 1718 282 1750 Antarct.
318 1719 368 1750 ita
395 1722 530 1750 nostrae
558 1716 727 1750 habitum
755 1721 791 1749 et
817 1717 1035 1760 adspectum
1074 1719 1260 1760 exprimit,
1297 1721 1335 1749 ut
1361 1717 1406 1749 ad
1433 1728 1512 1749 eam
1538 1717 1634 1749 sacta

115 1776 325 1821 videretur,
352 1779 388 1808 at
415 1776 499 1809 huic
527 1775 701 1818 siphones
728 1775 992 1819 pericentrales
1021 1775 1039 1807 7
1068 1776 1300 1808 tribuuntur.
1349 1775 1415 1808 Rh.
1443 1776 1631 1809 Gaimardi

115 1835 230 1868 Mont.
257 1844 327 1867 see.
352 1834 470 1867 Hook.
499 1837 534 1866 et
559 1834 669 1866 HarV.
697 1834 741 1866 ad
768 1833 891 1876 Polys.
916 1834 1203 1877 botryocarpam
1218 1835 1390 1877 pertinet,
1406 1835 1464 1866 cui
1482 1845 1632 1878 quoque

116 1892 289 1936 siphones
316 1893 581 1936 pcricentrales
608 1892 626 1923 7
654 1892 884 1925 tribuuntur.

115 2000 152 2039 3.
185 2000 263 2038 RH.
295 1999 563 2039 HOOREfflANA
594 1999 645 2049 (J.
674 1997 748 2047 Aa.
777 2000 904 2048 mser.)
942 1997 1086 2036 fronde
1127 1997 1245 2036 tereti
1278 1996 1459 2036 filiformi
1489 1996 1630 2048 pinna-

222 2067 295 2106 tim
326 2066 799 2118 decomposito-ramosa,
829 2064 950 2103 ramis
972 2063 1360 2115 erecto-patentibus
1377 2074 1629 2113 quoquover-

224 2147 310 2172 sum
343 2133 660 2185 egredientibus,
705 2132 922 2170 introrsum
968 2130 1148 2181 virgatis,
1192 2129 1357 2168 ramulis
1401 2129 1630 2167 secundatis

226 2200 403 2239 incurvis
435 2213 457 2238 a
487 2198 573 2239 basi
604 2199 749 2237 latiore
780 2196 1031 2243 acuminatis,
1064 2196 1226 2235 demum
1258 2195 1445 2235 stichidia
1472 2195 1629 2234 subses-

224 2267 316 2306 silia
346 2266 559 2306 lancoidea
600 2266 817 2304 introrsum
855 2264 1075 2302 secundata
1104 2263 1352 2316 gerentibus,
1393 2262 1629 2301 keramidiis

226 2364 404 2376 .....
423 2363 433 2381 ,
464 2333 701 2386 siphonibus
731 2331 1068 2384 pericentralibus
1098 2344 1298 2370 ramorum
1330 2330 1367 2368 4.

206 2414 439 2448 Rhodomela
466 2412 654 2447 Gaimardi
679 2409 795 2444 Hoolc.
828 2412 861 2442 et
884 2408 1002 2443 chv.
1029 2413 1121 2451 (non
1151 2407 1255 2453 A9.!)
1290 2409 1329 2441 iw¹
1353 2406 1470 2441 Lond.
1497 2405 1628 2440 Journ.

116 2471 186 2506 IV.
195 2481 236 2516 p.
251 2472 319 2506 264
346 2474 379 2506 et
393 2470 518 2515 Crypt.
534 2473 692 2504 antarct.
701 2478 741 2512 p.
756 2470 834 2502 175.
850 2467 923 2502 tab.
952 2467 1212 2502 CLXXXIV!
1235 2467 1353 2501 Harv.
1380 2466 1468 2500 Ner.
1496 2466 1627 2500 Auser.

142 2557 149 2564 .
175 2533 233 2565 35!

108 2539 137 2573 p
206 2589 438 2623 Rhodomela
464 2589 619 2630 patula‘?
646 2585 678 2620 J.
705 2585 772 2629 Ay.
798 2585 838 2618 in
863 2584 945 2628 Azy.
972 2584 1223 2618 Holzenacker.

224 2659 326 2698 Hab.
360 2659 400 2696 in
433 2658 597 2697 Oceano
629 2655 792 2695 australi
822 2655 873 2694 ad
903 2655 1054 2693 insulas
1085 2655 1283 2694 Falkland
1315 2658 1354 2693 et
1385 2654 1482 2706 Cap.
1513 2654 1624 2694 Horn

117 2726 322 2773 (Hooker;
353 2726 427 2765 Hb.
458 2724 781 2777 Hohenackefl).

208 2807 325 2839 Frons
351 2806 370 2838 3
386 2805 440 2838 -6
466 2805 662 2848 pollicaris,
687 2804 830 2837 inferne
856 2803 919 2834 vix
955 2812 1111 2845 pennam
1136 2802 1363 2845 passerinam
1389 2810 1519 2840 crassa,
1545 2811 1624 2833 sur-

117 2873 195 2896 sum
222 2874 350 2907 parum
378 2866 577 2902 attenuata,
610 2863 793 2906 pinnatim
825 2861 1254 2904 decomposito-ramosa,
1291 2859 1402 2891 ramis
1428 2859 1624 2892 conformi-
