1728 3110
87 118 326 174 Polyzonia.
688 115 969 160 RHODOMELEAE.
1468 118 1485 158 1
1502 118 1555 161 16
1567 118 1588 159 7

85 247 279 289 aequantia.
328 245 460 280 Caules
487 248 695 279 transverse
734 248 821 279 secti
859 248 1116 292 subtetragoni
1153 249 1339 293 adparent,
1374 248 1593 292 siphonibus

85 305 182 346 circa
207 306 407 338 centralem
433 305 454 338 6
481 306 684 345 constituti,
711 306 846 338 cortice
873 307 989 339 nullo.

176 364 329 396 Formas
356 374 468 407 supra
493 366 717 396 memoratas
744 364 852 396 unius
878 364 1119 410 ejusdemque
1153 368 1297 409 speciei,
1330 377 1397 410 pro
1424 368 1531 399 aetate
1558 368 1594 398 et

83 422 209 454 forsan
249 422 332 455 loco
369 421 482 454 natali
523 422 710 461 variantis,
749 421 915 464 conjicio.
965 424 1170 466 Specimina
1206 426 1350 464 fertilia,
1386 427 1423 458 in
1459 425 1594 468 quibus

85 490 181 513 nova
207 481 377 523 provenit
403 481 516 512 series
542 479 772 512 ramulorum
793 480 982 520 fertilium,
1003 487 1191 525 aspectum
1217 483 1405 516 diversum
1427 487 1462 515 et
1478 484 1594 525 magis

84 539 327 582 spongiosum
355 540 485 572 offerre
511 548 578 581 par
603 541 667 577 est,
697 538 839 570 nullam
855 542 951 571 certe
968 542 1171 583 specificam
1186 541 1593 575 differentiamindicat.

82 596 247 639 Reliquzr
274 597 416 630 frondis
444 596 577 629 sterilis
606 596 833 635 differentiae,
859 600 922 629 aut
948 599 982 629 in
1011 599 1273 632 ramificatione
1289 603 1324 631 et
1340 601 1594 643 magnitudine

82 658 146 688 aut
171 656 206 687 in
235 656 355 689 fornia
379 656 597 689 laciniarum
626 656 768 698 positae,
794 665 814 687 a
840 657 958 688 causis
985 657 1234 690 exterioribus
1261 658 1382 690 forsan
1399 658 1594 700 pendeant.

82 714 136 746 Sit
161 716 199 745 ut
228 714 264 745 in
291 714 574 747 fructificatione
594 713 673 745 alia)
697 713 819 745 adsint
843 713 991 755 majoris
1014 716 1189 747 momenti
1210 715 1454 748 diversitates.
1482 717 1595 760 Equi-

82 771 164 804 dem
192 773 300 805 video
328 774 363 805 in
393 773 521 811 forma,
548 782 658 816 quam
687 772 832 813 Harvey
859 773 896 804 P.
924 773 1076 804 incisam
1103 771 1200 814 (Azy.
1227 771 1356 805 Austr.
1383 781 1442 805 ππ)
1465 773 1595 816 144d.)

83 830 345 871 denominavit,
373 830 546 863 stichidia
571 831 687 872 magis
715 830 1060 870 ovato-lanceolata,
1085 832 1186 873 apice
1213 832 1291 872 ipso
1320 832 1442 874 paucis
1469 834 1504 863 et
1529 834 1595 864 mi-

82 889 180 920 nutis
205 889 380 922 soliorum
408 889 577 932 reliquiis
603 889 774 929 cristato;
801 889 836 920 111
863 888 982 921 forma
1010 899 1106 925 vero,
1133 899 1241 932 quam
1278 888 1449 922 Colensoi
1481 890 1593 923 deno-

81 947 282 987 minamnt,
309 946 479 979 stichidia
521 946 632 990 paulo
670 946 839 988 longiora
876 946 1047 990 foliisque
1087 947 1252 989 pluribus
1291 949 1457 989 cristata3
1496 948 1593 991 quod

82 1015 167 1038 vero
195 1005 486 1048 inetamorphosi
512 1005 595 1049 plus
616 1006 738 1037 minus
754 1008 899 1048 peracta
920 1005 1132 1038 adtribuere
1158 1016 1361 1049 propensus
1376 1016 1474 1049 sum·7
1497 1017 1593 1039 nunc

81 1065 193 1096 immo
220 1063 407 1096 rachidem
433 1065 525 1096 rami
543 1065 579 1096 in
596 1073 770 1106 suprema
786 1067 887 1106 parte
913 1065 1006 1095 serie
1022 1063 1361 1107 splia¹1·osporarum
1378 1066 1593 1097 instructam

80 1123 167 1155 vidi.
217 1123 446 1155 Procedente
473 1122 519 1155 ab
546 1122 718 1155 inferiore
749 1124 849 1164 parte
874 1122 917 1154 ad
948 1123 1177 1165 superiorem
1194 1122 1406 1156 evolutione
1434 1122 1592 1166 511111510-

81 1192 277 1226 sporarum
306 1193 371 1225 pro
398 1185 503 1215 aetate
531 1182 686 1215 formam
715 1186 749 1214 et
771 1183 1078 1224 compositionem
1105 1185 1248 1215 mutant
1275 1182 1454 1221 stichidia,
1480 1193 1592 1226 quare

80 1242 315 1274 diversitates
341 1242 484 1274 fructus
511 1243 609 1273 atati
638 1241 801 1273 tribuere
827 1251 1035 1284 propensus
1063 1251 1156 1273 sum.
1183 1240 1241 1274 An
1270 1243 1401 1284 praeter
1429 1240 1493 1272 has
1514 1240 1593 1273 aliae

80 1300 262 1339 adessent,
289 1310 360 1332 non
389 1301 460 1332 nisi
487 1299 617 1341 majori
644 1300 749 1342 copia
776 1300 1017 1341 speciminum
1046 1301 1257 1341 comparata
1282 1298 1391 1330 liceat
1411 1298 1592 1330 decidere.

173 1360 304 1392 Mirum
333 1368 418 1390 sane
445 1358 545 1402 quod
573 1357 664 1390 hanc
691 1358 849 1400 speciem
885 1357 1201 1390 distinctissimam
1228 1367 1248 1389 a
1272 1357 1310 1389 P.
1338 1356 1505 1399 elegante
1530 1357 1593 1388 vix

80 1417 264 1450 diversam
293 1416 495 1449 declaravit
532 1415 674 1449 Sonder
712 1414 809 1457 (Algy.
836 1413 975 1447 Preiss.
997 1424 1038 1457 p.
1069 1415 1150 1457 3613
1177 1418 1213 1447 et
1237 1414 1400 1457 Kiitzing
1439 1414 1592 1447 eandem

80 1475 268 1508 varietatis
294 1474 376 1508 loco
403 1474 471 1507 sub
498 1475 537 1507 P.
565 1474 733 1517 elegante
760 1477 964 1506 enumerat.

79 1602 116 1641 3.
148 1603 190 1641 P.
222 1614 461 1641 CUNEIFOLIA
490 1601 632 1651 (Mons.
673 1601 810 1640 Prodr.
842 1601 956 1649 Plzyc.
987 1604 1064 1637 (tort.
1086 1612 1128 1648 p.
1159 1599 1200 1647 4)
1238 1598 1390 1639 frondis
1428 1599 1592 1637 decom-

187 1669 512 1721 posito-ramosae
542 1667 664 1706 ramis
708 1668 863 1705 alterne
908 1666 1098 1719 pinnatis,
1142 1665 1251 1703 foliis
1281 1665 1329 1703 ad
1360 1665 1591 1717 geniculum

188 1736 377 1786 quodque
429 1735 650 1774 secundum
702 1734 1004 1786 egredientibus
1048 1732 1348 1778 subrhombeis‚
1400 1731 1592 1770 inferiore

188 1803 370 1854 margine
401 1802 521 1841 rectis
558 1801 845 1853 integerrimis,
885 1801 1093 1853 superiore
1124 1798 1448 1844 eroso-dentatis,
1478 1798 1592 1850 apice

188 1870 395 1916 truncatis,
426 1869 573 1921 pagina
618 1868 854 1907 flabellatim
900 1867 1094 1906 cellulosa
1131 1866 1363 1912 subavenia,
1394 1865 1592 1904 stichidiis

189 1949 211 1974 a
240 1949 351 1975 ramo
383 1935 687 1988 supra-axillari
705 1934 999 1974 transformatis
1016 1932 1403 1972 lineari-lancoideis
1427 1932 1591 1971 rectius-

189 2004 289 2042 culis
319 2002 518 2054 pinnatim
551 2001 886 2053 appendiculat-is.

172 2081 373 2124 Polyzonia
398 2079 600 2113 cuneifolia
637 2079 757 2113 Moozt.
791 2078 814 2112 l.
839 2088 866 2115 c,
900 2078 985 2122 Voy.
1023 2078 1101 2112 Pol.
1139 2077 1230 2112 Suel.
1251 2087 1291 2120 p.
1319 2077 1401 2110 143!
1440 2075 1530 2119 Syll.
1550 2084 1590 2118 p.

78 2139 161 2172 416!
188 2137 304 2172 Hook.
331 2140 364 2171 et
388 2136 508 2171 Harv.
533 2137 572 2170 in
597 2136 656 2170 Fl.
684 2137 973 2180 Antarct.p.68.
1001 2136 1071 2170 tab.
1099 2137 1172 2170 76!!
1198 2135 1318 2169 Harv.
1343 2134 1433 2168 Ner.
1460 2134 1591 2167 Austr.

72 2206 113 2239 p.
140 2198 198 2230 70!
228 2195 341 2230 Kittz.
368 2193 432 2237 Sp.
453 2204 495 2237 p.
522 2195 605 2228 882!

185 2266 288 2304 Hab.
319 2265 361 2303 in
392 2276 545 2304 oceano
577 2266 741 2304 australi
773 2266 823 2305 ad
869 2266 1020 2304 insulas
1064 2264 1278 2303 Auckland
1308 2268 1348 2302 et
1378 2262 1591 2315 Campbell

80 2333 305 2384 (D'Urville
337 2337 377 2371 et
405 2332 441 2372 J.
473 2333 520 2371 D.
551 2332 770 2377 Hookerl).

171 2411 336 2446 Frondes
362 2410 381 2442 2
400 2409 452 2442 ,4
489 2409 694 2452 pollicares,
731 2412 915 2453 primarife
954 2413 1124 2453 repentes
1159 2412 1194 2441 et
1218 2409 1436 2446 radicantes,
1462 2417 1589 2439 secun-

80 2470 190 2502 dariae
217 2468 470 2501 erectiusculae
498 2467 624 2500 liberae
650 2469 833 2511 pinnatim
861 2469 1129 2511 decompositae,
1157 2467 1277 2510 pinnis
1304 2465 1459 2508 duplicis
1480 2474 1589 2506 gene-

79 2529 142 2561 ris.
192 2527 296 2561 Folia
321 2526 365 2558 ad
393 2524 606 2568 geniculum
635 2526 811 2570 quodque
839 2525 1042 2558 secundum
1080 2525 1223 2556 alterna
1260 2522 1426 2560 disticha,
1455 2522 1590 2554 lineam

81 2587 229 2619 circiter
256 2585 377 2627 longa,
404 2583 543 2626 petiolo
570 2583 672 2616 brevi
699 2587 735 2616 at
751 2584 912 2616 evidenti
939 2581 1285 2623 suss'iilta‚jiiveiiilia
1303 2584 1465 2618 cuneata,
1484 2579 1589 2611 adul-

81 2647 178 2679 tiora
203 2644 488 2687 trapeziformia,
514 2645 577 2675 aut
603 2645 729 2686 potius
756 2643 1000 2676 rhomboidea
1026 2642 1192 2682 margine
1219 2640 1392 2671 inferiore
1420 2641 1519 2670 recto
1535 2639 1589 2670 in-

82 2705 293 2748 tegerrimo,
320 2702 512 2745 superiore
539 2701 841 2734 eroso-laciniam
869 2706 903 2732 et
929 2700 1092 2737 dentato,
1112 2699 1214 2740 apice
1238 2700 1406 2729 truncata
1429 2698 1589 2729 serrato-

82 2763 242 2800 dentata,
269 2759 386 2793 basali
415 2759 580 2800 margine
607 2759 885 2802 integriuscula‚
912 2758 1043 2801 pagina
1070 2755 1218 2798 oblique
1246 2754 1589 2786 verticalissabella-

82 2822 147 2853 tim
175 2819 353 2852 cellulosa
381 2816 581 2849 subavenia
607 2820 670 2849 aut
695 2819 821 2861 potius
847 2817 948 2848 venis
980 2825 1111 2858 parum
1138 2814 1344 2857 conspicuis
1373 2812 1589 2846 flabellatim

83 2889 103 2911 a
127 2879 251 2921 stipite
279 2873 572 2913 excurrentibus,
599 2884 754 2920 superne
781 2873 1094 2911 evanescentibus,
1125 2880 1308 2914 percursa,
1334 2880 1489 2914 quarum
1516 2881 1589 2903 una
