1728 3110
145 134 235 175 840
725 111 728 114 ’
768 129 1052 172 RHODOMELEAE.
1444 138 1672 181 Alsidium.
1725 122 1726 127 ¹

139 259 329 310 analogia
373 258 459 297 fere
504 257 635 310 magis
679 270 800 308 quam
839 259 1140 299 characteribus
1179 260 1336 308 ductus,
1368 262 1510 300 eadem
1549 263 1672 301 hodie

138 325 305 363 adscivi.
379 324 444 363 Ab
482 324 631 363 Alsidii
670 337 766 364 vero
804 338 968 377 genere,
1000 326 1120 376 quale
1150 338 1173 364 a
1203 327 1423 379 Kiitzingio
1454 328 1671 367 limitatum

137 391 225 437 fuit,
260 390 468 430 Chondria
498 391 738 430 tenuissima
768 397 877 430 certe
901 393 1152 432 removenda
1182 397 1255 439 est,
1292 398 1432 446 utpote
1463 399 1504 432 et
1532 395 1672 433 habitu

137 462 177 495 et
207 457 583 509 sphaerosporarum
614 458 885 510 dispositione
918 459 1065 498 aliena.
1110 459 1537 512 Helminthoohorton,
1569 461 1672 499 duce

136 523 357 575 Kiitzingio
397 528 437 562 et
473 525 768 577 sphaerosporis
806 526 930 565 hodie
971 526 1211 573 observatis,
1250 527 1301 566 ad
1332 527 1535 566 Alsidium
1566 528 1671 567 refe-

137 590 310 629 rendum
341 591 494 642 putavi.

246 682 308 720 De
339 682 539 720 affinitate
570 683 747 734 generiS,
772 683 828 721 ita
853 683 1163 737 circumscripti,
1182 685 1329 724 idaeam
1355 686 1562 738 paulisper
1585 700 1670 725 mu-

136 753 260 787 tatam
304 749 428 788 hodie
473 762 636 800 quoque
674 749 808 789 foveo.
879 751 1025 802 Neque
1057 752 1341 799 Rhodomelae,
1373 765 1506 803 neque
1537 753 1670 791 Acan-

136 815 362 867 thophorae,
408 828 542 867 neque
582 815 816 864 Chondriae,
862 830 995 868 neque
1036 817 1302 870 Hosti-ydriae,
1352 820 1498 870 quibus
1528 832 1671 857 recen-

137 882 261 921 tiores
300 882 557 934 potissimum
597 884 719 922 affine
751 884 1073 931 considerarunt,
1105 898 1233 937 genus
1262 898 1405 924 revera
1436 886 1670 938 proximum

137 961 308 998 censeo;
355 949 544 988 stichidia
590 950 782 988 nimirum
827 950 867 989 in
912 951 974 989 his
1023 951 1135 990 vario
1180 952 1302 991 modo
1351 952 1512 991 diversa
1550 952 1670 990 aliam

137 1017 391 1066 quoquerde
430 1017 629 1055 affinitate
666 1018 813 1056 idaeam
853 1018 1115 1070 suppeditare
1146 1019 1245 1057 mihi
1277 1019 1564 1071 adparuerunt.
1624 1019 1668 1057 In

137 1081 360 1129 Chondria,
398 1083 717 1136 Acanthophora
757 1088 797 1122 et
827 1084 1068 1137 Bostryehia
1099 1085 1396 1137 sphaerosporae
1426 1085 1467 1123 in
1500 1084 1671 1136 singulis

135 1148 317 1187 articulis
355 1149 493 1201 plures
533 1150 772 1196 formantur,
812 1151 853 1189 in
894 1151 1151 1190 Rhodomela
1190 1152 1387 1204 geminae,
1431 1151 1471 1189 in
1512 1151 1671 1189 Alsidio

137 1228 233 1254 vero
279 1220 323 1254 ut
366 1216 408 1254 in
454 1216 748 1268 Polysiphonia
796 1221 835 1256 et
873 1218 1133 1270 Dictymenia
1171 1219 1356 1270 singulae.
1423 1217 1496 1256 His
1533 1218 1671 1268 itaque

137 1280 343 1320 Alsidium
387 1283 798 1335 adpropinquandum
845 1290 958 1337 puto.
1028 1285 1280 1324 Structuram
1326 1298 1422 1324 vero
1469 1285 1502 1323 si
1546 1285 1672 1337 respi-

135 1349 233 1396 cias,
265 1350 520 1402 Bostrychiae
551 1352 686 1391 forsan
718 1354 848 1406 magis
883 1354 1088 1393 convenit.
1151 1354 1280 1406 Igitur
1311 1367 1390 1392 una
1420 1366 1511 1391 cum
1543 1353 1670 1405 Bryo-

135 1416 339 1463 t-hamnio,
386 1417 454 1468 qui
500 1418 802 1458 characteribus
847 1420 981 1458 allatis
1026 1433 1118 1459 cum
1164 1421 1324 1461 Alsidio
1372 1419 1585 1465 convenit,
1632 1422 1672 1457 et

137 1481 379 1534 Bostrychia
410 1484 634 1524 sectionem
668 1486 870 1536 quandam
897 1487 1019 1536 juxta
1049 1487 1378 1539 Polysiphonias,
1416 1487 1580 1525 efficere
1611 1485 1670 1522 vi-

135 1548 311 1588 deretur.

567 1688 795 1728 SPECIES
827 1689 1243 1729 DISPONANTUR:

518 1799 542 1824 ³<
579 1799 752 1843 Gellulis
773 1801 1130 1854 perieentralz'bus
1159 1804 1286 1843 7„3,

1113 1893 1144 1926 1.
1171 1894 1216 1928 A.
1242 1895 1620 1928 memnocnonws.
1684 1909 1689 1911 Δ

1114 1953 1146 1985 2.
1173 1954 1219 1986 Α.
1246 1953 1486 1987 CORALLINUM.

561 2053 584 2077 'k
623 2050 796 2095 cellulis
816 2054 1176 2106 pericemralz'bus
1206 2057 1247 2095 4.

1110 2146 1143 2178 3.
1168 2145 1214 2179 A.
1242 2147 1465 2180 BLonGETTn.

136 2273 172 2312 1.
204 2272 300 2311 ALs.
332 2272 765 2310 HELMINTHOCHORTOS
805 2271 987 2320 (Latom.
1017 2273 1061 2309 in
1091 2272 1231 2310 Journ.
1263 2273 1377 2321 Phys.
1410 2272 1516 2312 1782
1549 2275 1668 2325 Sept.)

246 2339 459 2378 frondibus
489 2351 512 2376 a
542 2337 669 2389 plexu
710 2337 860 2377 fibroso
905 2338 1094 2377 intricato
1133 2339 1393 2391 surgentibus
1425 2340 1666 2379 densissime

247 2406 474 2458 caespitosis
506 2405 766 2444 filiformibus
798 2418 918 2457 parce
942 2406 1384 2453 dichotomo-ramosis,
1408 2407 1531 2445 ramis
1548 2408 1662 2459 vagis

246 2473 448 2525 elongatis
466 2485 606 2524 parum
626 2472 863 2518 attenuatis,
890 2472 1168 2523 superioribus
1187 2473 1336 2524 sparsis
1355 2473 1517 2511 demum
1536 2474 1666 2525 sphae-

246 2552 436 2591 rosporas
467 2538 758 2590 generantibus
789 2539 1237 2578 verrucoso-torulosis.

228 2643 350 2675 Fucus
388 2639 760 2673 Helminthochortos
791 2637 877 2673 Lat.
913 2637 935 2672 l.
969 2649 997 2672 e.
1030 2649 1111 2673 cum
1139 2640 1238 2680 icum·
1271 2639 1442 2674 Hoemert.
1476 2640 1568 2675 Diss
1593 2640 1665 2674 Er·

135 2698 252 2741 lanyoe
276 2699 365 2732 1792
392 2706 471 2730 cum
499 2696 592 2737 tab.‚·
621 2696 738 2730 Turn.
765 2696 865 2730 Hz'st.
894 2696 985 2730 Fue.
1012 2697 1084 2731 tab.
1113 2699 1198 2732 233!

227 2757 417 2789 Alsidium
449 2755 828 2789 Helminthochorton
863 2754 977 2789 Kritz.
1011 2754 1125 2799 Phyc.
1159 2765 1240 2800 qen.
1268 2765 1310 2798 p.
1340 2755 1408 2789 435
1435 2755 1507 2790 tab.
1533 2756 1577 2789 45
1603 2754 1667 2789 II!

135 2813 200 2856 Sp.
227 2814 310 2857 Aly.
331 2823 373 2856 p.
399 2814 483 2847 844!

229 2871 439 2906 ceramium
467 2871 839 2906 Helminthochortos
866 2869 978 2905 Roth.
1006 2869 1084 2906 Cat.
1110 2870 1165 2905 II.
1186 2880 1226 2914 p.
1253 2871 1337 2905 168!
