1728 3110
147 99 170 140 9
180 99 203 140 9
212 99 235 139 2
763 101 1045 142 RiioDoMELEAE.
1347 105 1407 148 Po
1413 108 1655 159 Zysz'phomu.

141 227 337 260 adultioris
376 228 452 260 fere
489 228 596 267 nulli,
626 228 808 271 juveniles
841 231 1042 271 molliores,
1068 231 1252 265 fructiferi
1277 235 1313 265 et
1338 233 1545 266 adultiores
1569 234 1656 276 rigi-

141 286 299 319 diusculi
327 286 500 328 subulam,
527 287 663 320 seniles
690 288 1050 332 subspinulisormes.
1090 290 1263 331 Articuli,
1290 292 1327 324 in
1353 294 1458 335 parte
1484 292 1657 324 inferiore

140 355 329 377 ramorum
370 347 487 388 magis
526 346 696 387 obsoleti,
733 350 818 379 sunt
847 347 1033 381 diametro
1067 348 1170 391 2-plo
1202 352 1266 381 aut
1292 349 1422 382 saltem
1450 349 1657 393 sesquilon-

139 404 273 444 giores,
306 405 454 436 corticis
488 407 605 437 strato
635 405 798 438 densiori
826 406 989 441 obducti,
1019 407 1212 450 superficie
1246 408 1470 440 reticulatim
1500 417 1656 451 venosa3

141 470 299 502 superne
334 462 425 494 nudi
457 473 559 506 aeque
593 462 696 506 longi
728 468 792 496 aut
824 464 936 508 paulo
962 465 1163 506 breviores,
1188 467 1226 498 in
1252 466 1407 499 ramulis
1433 467 1657 499 diametrum

139 523 344 562 zequaiitesg
384 522 546 554 sectione
586 522 825 555 transversali
864 522 1038 566 siphones
1070 523 1093 556 4
1125 526 1407 568 conspiciuntur
1441 526 1538 557 circa
1575 535 1657 557 cen-

140 577 287 617 tralem,
332 580 469 611 cortice
513 581 760 613 crassiusculo
804 582 908 621 tecti,
952 581 1106 625 siphone.
1153 583 1307 616 centrali
1343 583 1389 616 ad
1434 583 1658 616 subdivisio-

139 646 223 668 nem
258 647 375 679 prono
409 648 504 670 nunc
531 639 782 680 angustiorem
812 640 943 672 tubum
981 641 1078 672 inter
1103 640 1124 672 4
1150 641 1414 683 pericentrales
1452 643 1657 674 emittente.

139 693 413 738 Sphecrosporae
451 697 488 728 in
527 696 681 729 ramulis
721 697 958 730 mollioribus
986 698 1154 738 evolutae,
1187 699 1254 733 hos
1287 700 1450 733 reddunt
1481 700 1657 733 subtoru-

138 753 252 786 iosos.
302 753 515 786 Kerainidia
540 756 578 787 in
604 755 734 798 planta
760 757 872 788 ramis
898 758 1015 799 inagis
1042 757 1296 800 rigidiusculis
1323 761 1359 790 et
1385 758 1658 802 patentioribus

138 813 275 855 insigni
302 815 567 855 provenientia,
601 815 897 857 ovato-globosa,
926 816 1070 849 sessilia
1094 821 1156 850 aut
1182 817 1400 850 brevissime
1426 817 1657 861 pedicellata.

137 871 351 904 Substantia
383 882 537 905 carnosa
571 872 716 905 facilius
743 873 944 916 dissoluta-3
971 873 1105 907 0113113)
1131 876 1338 908 arctissime
1363 874 1538 908 adharet.
1589 875 1658 909 Co-

137 929 194 962 101·
234 931 393 962 recentis
433 940 537 972 saepe,
575 933 616 962 ut
653 931 730 964 sole
763 934 941 976 exposita,
972 934 1009 965 in
1045 935 1287 967 stramineum
1314 934 1480 975 tendens,
1505 934 1596 967 alias
1622 937 1659 967 et

137 989 330 1020 exsiccatae
357 998 642 1030 purpurascens.

228 1047 267 1079 In
308 1047 416 1090 Algis
453 1048 736 1080 mediterraneis
776 1048 868 1081 hanc
907 1051 1066 1092 speeiem
1107 1061 1189 1083 cum
1228 1052 1265 1083 Ρ.
1298 1051 1444 1083 lubrica
1475 1051 1545 1093 Ag.
1572 1061 1658 1083 con-

132 1105 353 1149 junxeram·⁷
388 1110 466 1139 tota
499 1108 592 1138 serie
620 1107 822 1139 formarum
852 1107 962 1140 hodie
993 1113 1215 1152 comparata,
1243 1109 1396 1152 plantas,
1422 1112 1505 1142 utut
1532 1110 1658 1153 proxi-

137 1176 224 1205 mas,
255 1170 375 1199 tamen
404 1166 569 1198 diversas
597 1166 804 1199 considero.
846 1168 884 1199 P.
913 1167 1093 1200 sibrillosa
1120 1172 1175 1200 est
1200 1168 1325 1211 planta
1350 1179 1445 1212 saepe
1472 1169 1613 1210 elatior,
1639 1180 1659 1202 a

138 1224 216 1257 basi
256 1228 396 1256 scutata
435 1234 592 1266 surgens
632 1225 707 1256 scre
747 1226 927 1267 pinnatim
968 1236 1134 1267 ramosa,
1165 1227 1277 1258 ramis
1309 1227 1415 1259 initio
1449 1227 1659 1267 ramulosis,

136 1282 286 1314 demum
314 1281 559 1319 nudiuscufis,
588 1286 667 1315 tota
694 1283 843 1316 mollior
871 1282 1037 1316 habitum
1064 1285 1102 1316 P.
1130 1284 1298 1322 Brodiaei,
1325 1284 1387 1317 sed
1409 1286 1520 1317 ramis
1535 1286 1659 1317 minus

137 1341 250 1374 dense
288 1341 519 1383 penicillatis‚
559 1342 733 1373 reserens.
790 1342 825 1374 P.
860 1343 1007 1384 spinosa
1040 1343 1115 1375 sere
1143 1343 1487 1386 globoso-expansa
1512 1346 1548 1376 et
1574 1344 1658 1376 sub-

136 1401 318 1436 intricata,
359 1401 475 1442 magis
513 1401 774 1443 irregulariter
813 1411 959 1433 ramosa
996 1404 1031 1433 et
1071 1401 1201 1443 majori
1238 1403 1336 1434 inter
1375 1404 1517 1444 partem
1551 1412 1658 1445 supe-

137 1461 272 1492 riorem
303 1462 338 1490 ct
363 1459 578 1491 inferiorem
612 1459 826 1499 differentia,
853 1459 918 1491 illa
946 1459 1176 1499 mollissima,
1202 1459 1268 1492 hac
1294 1460 1492 1504 rigidiore·7
1521 1460 1658 1493 ramuli

136 1518 310 1551 laterales
349 1519 382 1550 in
423 1521 525 1561 parte
559 1520 749 1562 superiore
783 1530 803 1551 a
836 1519 1018 1562 penicillis
1052 1519 1313 1553 terminalibus
1348 1531 1478 1563 parum
1511 1520 1657 1559 diversi,

138 1578 334 1609 inferiores
362 1576 597 1619 rigidiusculi
624 1579 657 1608 et
688 1577 836 1609 demum
864 1577 1171 1620 spinulaesornies,
1197 1581 1308 1621 atque
1334 1579 1370 1610 in
1398 1578 1525 1621 planta
1550 1578 1658 1611 senili

137 1637 298 1669 maxime
332 1637 532 1679 conspicui.
589 1637 798 1678 Specimina
830 1637 867 1669 Ρ.
902 1637 1090 1670 fibrillosae
1117 1637 1256 1677 senilia,
1283 1637 1391 1670 undis
1418 1637 1561 1670 diutius
1588 1638 1658 1669 cir-

138 1695 326 1736 cumjecta,
353 1695 389 1726 111
417 1693 583 1726 habitum
610 1695 648 1726 P.
669 1695 832 1737 Spinosae
860 1695 1138 1738 quodammodo
1165 1696 1357 1728 tendentia
1384 1696 1468 1736 vidi,
1495 1696 1556 1729 sed
1582 1695 1659 1728 haec

137 1763 285 1796 quoque
323 1752 590 1795 dignoscantur
628 1752 862 1794 longitudine
893 1753 1147 1793 articulorum,
1181 1755 1245 1797 qui
1277 1755 1315 1786 in
1349 1757 1453 1797 parte
1481 1756 1659 1788 corticata

137 1812 175 1844 P.
202 1812 359 1854 spinosa
397 1814 481 1842 sunt
513 1810 734 1851 brevissimi,
767 1811 989 1844 diametrum
1025 1823 1097 1844 non
1126 1816 1326 1856 aequantes,
1351 1814 1387 1845 in
1414 1814 1452 1846 P.
1479 1813 1659 1846 fibrillosa

138 1880 224 1902 vero
253 1872 339 1901 sunt
365 1869 546 1901 diametro
573 1871 696 1913 sesqui
724 1873 787 1902 aut
814 1870 930 1913 duplo
958 1870 1159 1913 longiores.

231 1926 361 1969 Quoad
402 1929 661 1969 synonyiniam
702 1928 885 1961 nonnulla
923 1928 1043 1961 dubia.
1106 1929 1143 1961 P.
1183 1928 1517 1969 Carmichaeliana,
1553 1928 1658 1971 cujus

139 1985 282 2017 nullum
311 1985 387 2017 vidi
415 1986 611 2028 specimen,
643 1986 690 2018 ob
720 1986 897 2018 articulos
925 1986 1056 2019 breves
1084 1988 1145 2019 vix
1172 1986 1241 2020 huc
1268 1988 1462 2031 pertineat,
1493 1987 1557 2019 sed
1582 1987 1657 2019 for-

138 2054 196 2075 ma
228 2043 384 2086 analoga
417 2045 465 2076 sit
498 2045 666 2076 varietati
706 2055 817 2088 supra
844 2045 984 2086 allatzcg
1012 2046 1169 2078 sormam
1197 2056 1275 2078 esse
1301 2047 1340 2079 P.
1364 2045 1552 2079 fibrillosae
1578 2046 1657 2088 ipse

139 2112 289 2146 quoque
327 2102 473 2144 Harvey
512 2103 712 2146 aliquando
752 2105 959 2146 suspicatus
992 2107 1058 2136 est.
1115 2105 1156 2137 ln
1183 2105 1383 2148 Speciebus
1408 2104 1592 2147 Algarum
1619 2102 1656 2136 C.

137 2160 293 2203 Agardh
325 2160 544 2193 Hutcliinsia
577 2162 758 2194 fibrillosa
793 2160 860 2194 Lb.
898 2163 942 2195 ad
982 2163 1023 2196 H.
1062 2163 1271 2203 violaceam,
1308 2164 1351 2196 H.
1388 2163 1554 2196 violacea
1589 2159 1657 2195 Lb.

138 2229 225 2252 vero
265 2220 401 2262 partim
441 2219 485 2251 ad
523 2219 564 2252 H.
599 2220 817 2252 fibrillosam
852 2221 1078 2253 reseruntur.
1126 2220 1166 2253 In
1193 2221 1510 2264 descriptionibus
1535 2221 1657 2263 Lyng-

137 2277 224 2319 byei
261 2287 408 2320 quoque
448 2281 535 2310 sunt
572 2289 653 2321 quae
692 2279 728 2311 in
768 2279 922 2322 plantas,
956 2280 1086 2323 quales
1119 2279 1229 2313 hodie
1254 2280 1530 2323 intelliguntur,
1558 2278 1657 2312 male

138 2337 285 2369 cadunt.
341 2337 476 2369 Veram
504 2340 627 2369 autem
654 2337 692 2369 P.
716 2337 945 2378 fibrillosam,
978 2340 1127 2371 nomine
1155 2339 1349 2381 Lyngbyei
1380 2339 1612 2382 inscriptam,
1637 2348 1658 2369 a

137 2395 359 2427 Hofl'nianno
398 2396 547 2427 missam
586 2394 715 2427 habeo.
777 2396 814 2428 P.
854 2396 1035 2429 fibrillosa
1069 2394 1217 2429 Croucm
1251 2396 1348 2429 haud
1376 2397 1542 2439 legitima
1567 2395 1657 2428 mihi

139 2454 299 2485 videtur.
359 2453 516 2486 Nomine
555 2454 593 2486 P.
628 2454 798 2487 violacea¹
833 2454 1052 2497 Areschoug
1084 2456 1122 2488 P.
1156 2455 1377 2488 fibrillosam
1407 2459 1442 2487 et
1474 2455 1566 2488 alias
1592 2455 1656 2487 ad-

138 2512 289 2544 modum
318 2512 483 2544 diversas
511 2513 648 2555 species
675 2512 878 2555 conjunxit,
904 2514 992 2556 quin
1020 2515 1134 2547 immo
1160 2514 1198 2547 P.
1225 2514 1437 2551 violaceam,
1468 2515 1507 2547 P.
1534 2515 1656 2556 nigre-

139 2574 312 2604 scentem.
337 2571 375 2602 P.
402 2571 571 2610 Brodiaei,
597 2575 632 2603 et
657 2572 695 2603 P.
723 2571 973 2614 penicillatam
1001 2570 1130 2604 habitu
1156 2574 1269 2615 atque
1297 2573 1454 2605 statione
1482 2572 1657 2611 diversas,

139 2630 290 2661 minime
318 2639 406 2661 vero
433 2628 710 2662 characteribus
735 2629 962 2662 firmioribus
996 2630 1296 2673 circumscriptas
1323 2630 1530 2662 contendit!
1568 2631 1656 2673 Spe-

139 2688 258 2719 cimen
294 2686 547 2720 authenticum
581 2688 618 2720 P.
653 2687 885 2727 lasiotrichac,
918 2688 1013 2730 quod
1041 2689 1258 2727 examinavi,
1285 2698 1306 2720 a
1331 2688 1369 2720 P.
1396 2687 1576 2721 fibrillosa
1601 2687 1656 2720 di·

140 2746 335 2787 stinguere
363 2755 553 2788 nequeam.

232 2803 270 2835 P.
296 2803 487 2843 fibrillosa,
524 2806 565 2835 ut
589 2803 693 2836 illam
730 2803 910 2845 intelligo,
943 2813 964 2835 a
988 2803 1026 2836 P.
1051 2803 1211 2836 Brodiaei
1237 2803 1359 2836 differt
1385 2803 1539 2846 [praeter
1563 2802 1655 2837 alios

142 2859 392 2901 characteres)
436 2860 656 2904 siphonibus
692 2860 1002 2905 pericentralibus
1038 2861 1069 2902 4,
1106 2871 1172 2894 nec
1209 2860 1250 2904 63
1282 2871 1302 2893 a
1333 2860 1371 2892 P.
1398 2860 1562 2893 violacea
1598 2871 1655 2893 ra·-
