1728 3110
91 115 274 158 Ve'dalffa.
700 109 984 151 RflonoussLEAE.
1478 105 1529 146 M
1545 105 1598 146 19

81 240 301 279 admodum
333 241 576 293 conspicuos
609 244 649 278 et
677 239 747 276 vix
780 239 856 276 nisi
887 243 1000 290 parte
1032 238 1382 290 longitudinaliter
1405 242 1513 276 secta
1531 237 1601 277 ob-

81 308 315 354 servandos,
348 309 505 347 cellulis
550 307 754 360 praecipue
803 306 1055 356 longitudine
1088 310 1128 344 et
1157 306 1425 357 dispositione
1470 305 1602 344 minus

79 375 255 425 regulari
288 376 501 414 distinctis.
561 376 690 413 Extra
722 372 903 418 cellulas,
951 385 1048 422 quas
1096 386 1184 410 cum
1216 373 1453 424 siphonibus
1484 373 1602 424 Poly-

80 441 279 493 siphoniae
310 442 555 494 comparavi,
587 445 751 479 stratum
783 440 910 485 adest,
943 439 1102 477 cellulis
1134 440 1358 478 minoribus
1384 440 1515 478 minus
1540 452 1601 477 re-

80 509 275 560 gulariter
305 509 524 561 dispositis,
557 507 758 546 divisione
789 506 1005 557 siphonum
1036 507 1185 544 sensim
1211 507 1322 553 ortis,
1342 511 1602 554 contextum

81 576 189 625 quod
222 580 345 615 strato
378 575 575 620 cortic-ali,
605 575 645 612 in
678 572 981 624 Polysiphoniac
1012 573 1225 624 speciebus
1256 573 1463 611 nonnullis
1500 586 1602 624 prae-

81 648 209 690 sente,
241 645 471 695 analogum.
530 643 657 692 Hujus
688 641 800 679 strati
846 640 1007 679 cellulas
1038 640 1217 686 extimae,
1261 641 1311 678 ab
1342 640 1603 679 interioribus

82 711 250 748 minutie
283 715 322 748 et
352 711 667 749 endochromate
700 708 888 747 densiore
920 707 1135 751 distinctae,
1161 711 1327 745 stratum
1346 707 1603 758 superficiale

81 777 276 816 efficiunt.
334 779 421 817 Hoc
454 777 572 816 modo
606 781 728 814 strata
759 776 843 813 fere
877 775 901 812 4
932 774 1182 825 distinguere
1212 774 1321 819 licet,
1353 786 1443 823 quae
1468 778 1601 812 tamen

80 845 121 882 in
155 845 326 883 diversis
357 845 570 896 speciebus
603 858 682 882 non
714 855 830 893 {eque
862 842 1068 887 distincta,
1116 853 1190 879 nec
1236 841 1301 879 ubi
1349 841 1604 880 distinctiora

80 911 216 949 Omnia
248 911 550 962 dignoscantur,
582 910 657 948 nisi
690 915 772 947 tum
804 909 982 961 plantam
1027 907 1270 946 adultiorem
1317 912 1398 945 tum
1442 909 1603 958 juveni-

81 979 160 1017 lem
192 978 440 1017 sectionibus
485 982 525 1015 et
570 976 933 1028 longitudinaliluis
972 980 1012 1014 et
1042 974 1381 1014 transversalibus
1412 976 1603 1015 observa-

79 1045 200 1083 veris.

191 1113 342 1158 Genus,
374 1112 493 1162 quale
524 1111 724 1161 intelligo,
757 1116 797 1148 et
826 1115 1024 1149 structura
1068 1110 1236 1155 frondis,
1276 1115 1315 1148 et
1352 1110 1552 1149 stichidiis
1582 1123 1604 1148 a

79 1179 365 1230 Dictyomenia
411 1179 636 1225 dive1·s[un;
681 1179 840 1217 cellulae
872 1178 1059 1216 nimirum
1107 1178 1335 1223 interiores,
1367 1178 1604 1229 siphonibus

80 1246 383 1298 Polysiphoniae
415 1246 612 1297 analogte,
658 1245 814 1283 unicam
860 1245 1004 1283 serien]
1038 1258 1058 1282 a
1091 1250 1202 1283 costa
1233 1245 1436 1296 margines
1467 1258 1604 1282 versus

80 1318 292 1352 extensam
323 1314 364 1351 in
395 1312 693 1364 Dictyoinenia‚
738 1311 820 1349 2zas
871 1312 1084 1363 parallelas
1116 1311 1155 1349 in
1188 1311 1353 1350 Vidalia
1398 1311 1604 1361 efl'iciunt·;

80 1381 268 1419 stichidia
298 1381 338 1418 in
372 1380 535 1417 Vidalia
566 1379 784 1430 duplicem,
815 1379 853 1416 in
890 1378 1173 1430 Dicit-vomenia
1204 1379 1429 1430 simplicem
1457 1379 1603 1417 seriem

79 1448 419 1499 longitudinalem
452 1447 823 1498 sphaerosporarum
855 1446 1008 1492 fovent,
1041 1447 1078 1484 h.
1111 1459 1145 1484 e.
1179 1446 1284 1484 intra
1315 1446 1505 1485 articulos
1524 1447 1603 1484 sin-

81 1516 197 1567 gulos
228 1515 393 1553 Vidalia
423 1515 725 1566 sphzerosporas
742 1513 780 1559 2,
798 1513 1080 1564 Dictyomenia
1102 1514 1260 1551 unicam
1279 1513 1483 1552 evolvunt.
1516 1513 1604 1552 Hoc

80 1584 313 1621 charactere
344 1595 471 1633 genus
502 1582 550 1619 ad
583 1580 852 1632 Rytiphleeam
898 1580 1178 1631 propinquius,
1224 1581 1273 1618 ab
1316 1580 1389 1617 hac
1420 1580 1505 1618 fere
1536 1592 1603 1618 eo-

81 1652 172 1690 dem
218 1650 339 1689 modo
384 1649 602 1693 diversum,
633 1659 712 1697 quo
744 1647 1028 1697 Dictyomenia
1058 1660 1080 1684 a
1111 1647 1418 1698 Polysiphonia,
1458 1659 1604 1698 nempe

81 1717 192 1755 strati
240 1716 431 1754 centralis
477 1715 685 1766 superiore
724 1714 971 1759 evolutione,
1011 1714 1051 1752 in
1083 1720 1195 1752 costa
1225 1713 1388 1766 propria
1420 1717 1460 1751 et
1490 1713 1604 1751 venis

81 1784 315 1823 lateralibus
346 1782 577 1834 conspicua.
639 1780 740 1818 Cum
771 1781 962 1818 Amansia
993 1781 1070 1819 hoc
1101 1781 1333 1818 charactere
1363 1792 1603 1831 congruens,

83 1852 222 1890 differt
252 1857 405 1890 tantum
439 1851 549 1890 zonis
580 1850 915 1889 transversalibus
947 1850 1112 1900 oblique
1150 1849 1505 1895 adscendentibus,
1536 1861 1603 1886 ve-

81 1931 307 1969 narumque*
337 1918 605 1970 dispositione
636 1918 802 1955 alterna.

191 1986 236 2023 In
268 1986 481 2037 speciebus
513 1983 789 2035 disponendis,
821 1996 919 2033 quas
951 1983 1048 2022 clim
1080 1983 1131 2021 ad
1162 1981 1602 2033 Rhodomelam,Ryti-

80 2053 255 2105 phlaeam
287 2057 326 2090 et
355 2051 590 2089 Amansiam
622 2050 858 2091 retulerunt,
890 2050 1137 2089 desudarunt
1168 2050 1331 2102 plurimi
1356 2049 1603 2101 systematici

81 2121 291 2171 hodierni3
323 2126 364 2159 et
394 2121 456 2167 iis,
488 2128 585 2170 quas
616 2120 738 2158 hodie
769 2120 817 2158 ad
849 2119 1026 2158 Vidaliae
1053 2132 1180 2171 genus
1210 2119 1359 2165 refero,
1391 2119 1602 2170 speciebus

82 2202 162 2227 non
195 2188 325 2226 minus
356 2200 473 2238 quain
506 2188 530 2224 4
562 2199 707 2238 genera
741 2190 828 2231 (aut.
857 2186 1000 2224 saltem
1031 2186 1196 2225 nomina
1227 2190 1438 2237 generum)
1456 2198 1602 2237 propo-

83 2260 260 2301 suerunt,
304 2267 394 2305 (μιῇ),
426 2254 692 2306 dispositione
724 2253 1016 2299 stichidiorum,
1051 2253 1091 2291 in
1123 2253 1214 2291 aliis
1253 2253 1465 2304 speciebus
1509 2252 1602 2298 alia,

81 2321 331 2373 distinguere
376 2321 511 2360 conati
558 2324 661 2358 sunt.
719 2321 994 2366 Lamouroux,
1039 2320 1103 2358 cui
1135 2320 1213 2358 duo
1246 2323 1399 2358 tantum
1445 2318 1602 2370 species

82 2390 258 2441 cognitae
290 2390 463 2435 fuerunt,
494 2389 564 2426 has
594 2389 710 2427 initio
742 2389 985 2427 Delesseriae
1014 2388 1174 2436 retulit;
1206 2387 1299 2426 dein
1328 2387 1601 2425 Delesseriam

84 2457 183 2501 (loc,
215 2458 304 2504 cit.)
337 2455 612 2502 subdividens,
644 2456 801 2506 utrique
850 2469 998 2494 novum
1045 2455 1227 2493 condidit
1258 2466 1398 2504 genus,
1415 2457 1601 2492 neutrum

83 2524 381 2562 characteribus
413 2522 771 2574 circumscriptum.
818 2522 920 2574 Ipse,
952 2521 1230 2559 stichidiorum
1257 2519 1485 2558 differentia
1502 2533 1601 2558 non-

83 2591 177 2629 dum
208 2590 383 2641 cognita,
416 2589 572 2639 species
603 2588 780 2628 Vidaliae
824 2601 913 2626 cum
946 2587 1241 2638 Dictyomeniae
1272 2586 1483 2638 speciebus
1508 2600 1599 2637 pro-

82 2657 180 2709 priis
211 2657 251 2695 in
285 2669 405 2695 unum
452 2668 577 2707 genus
621 2656 829 2707 conjunxi,
872 2655 966 2693 Vid.
1015 2654 1285 2693 obtusilobam
1324 2658 1455 2691 tamen
1496 2653 1601 2692 inter

83 2724 297 2762 Amansias
342 2723 534 2761 retinens·
592 2722 792 2761 Decaisne
830 2721 881 2760 V.
912 2721 1182 2760 obtusilobam
1226 2720 1331 2758 inter
1374 2719 1600 2767 Amansias,

83 2791 135 2830 V.
166 2791 388 2830 volubilem
419 2789 523 2827 inter
552 2789 856 2841 Dictyomenias
887 2800 1064 2833 servans,
1095 2799 1245 2826 novum
1269 2785 1452 2825 condidit
1474 2799 1599 2838 genus

87 2857 398 2910 Spirhymeniae,
429 2855 493 2894 cui
525 2855 622 2894 duas
652 2856 822 2908 species,
853 2868 875 2892 a
907 2853 1053 2892 Subrio
1084 2853 1134 2891 ad
1171 2857 1299 2904 genus
1338 2852 1598 2906 Carpophylli
