1728 3110
29 128 339 180 Polzsmjffww'a.
639 120 921 161 Ruononsstssffi.
1172 111 1182 125 ⁹
1454 117 1477 157 ⁴.)
1488 115 1541 155 81

33 253 115 286 dine
145 254 271 296 sparsi,
286 252 364 285 basi
392 260 522 295 parum
549 250 741 289 attenuati,
755 250 856 292 apice
878 249 1136 288 obtusiusculi‚
1162 250 1358 282 inferiores
1372 249 1548 291 patentes,

32 313 244 355 superiores
272 311 396 343 erecti.
446 308 608 342 Articuli
635 309 670 340 in
699 310 777 340 tota
803 307 933 339 fronde
960 307 1165 351 snb-<equali
1199 307 1446 349 longitudine,
1473 305 1550 337 dia-

31 373 149 404 metro
175 370 368 402 breviores
393 371 457 400 aut.
484 366 727 411 subzequales,
755 366 956 398 sectionem
990 365 1277 398 transversalem
1316 368 1550 407 tetragonam

30 431 242 472 (exsiccata—
275 429 348 460 t'ere
376 423 714 469 trapezisormemjf
741 423 962 467 siphonibus
987 423 1008 455 -l
1035 425 1131 456 circa
1167 423 1368 456 centralem
1397 424 1551 456 offeren-

30 493 95 528 tes,
134 490 250 519 strato
289 485 457 518 corticali
495 484 612 517 nullo.
661 482 841 515 Grenicula
878 482 1056 515 inferiora-
1090 488 1177 515 sunt
1204 481 1504 520 inflato-nodosa,
1533 491 1552 511 a

29 547 90 580 filo
122 545 370 578 adscendente
410 554 502 587 saepe
543 543 717 575 deorsum
761 541 945 574 radiculas
985 542 1205 573 emittentia.
1256 540 1471 573 Keramidia
1506 539 1550 571 ad

30 615 153 639 ramos
181 604 403 646 superiores,
445 603 537 634 infra
577 603 700 645 apices
738 601 892 637 sessilia,
930 600 1229 643 globoso-ovata.
1280 598 1553 642 Spheerospom·

30 665 66 696 in
95 664 206 695 ramis
233 661 453 694 lateralibus
486 660 683 703 fastigiatis
717 659 988 702 provenientes,
1014 659 1049 690 in
1080 657 1234 690 ramulis
1260 668 1390 700 parum
1418 657 1555 689 distor-

30 723 77 754 tis
102 721 198 753 insra
224 721 363 764 apicem
395 719 565 758 evolutae,
603 720 707 750 extra
746 717 848 749 filum
887 716 1094 749 lateraliter
1124 717 1390 759 prominentes
1442 713 1554 747 Color

31 783 66 812 et
94 780 302 812 substantia
326 779 402 810 fere
429 778 467 809 P.
494 776 703 810 urceolatae.

123 837 265 870 Nomen
308 839 415 868 aztate
455 836 617 877 primum
657 833 769 876 hujus
808 834 940 876 speciei
985 833 1134 865 videtur
1170 830 1407 867 Suhrianum,
1445 830 1547 873 quod

31 895 114 928 ideo
153 894 406 938 adoptandum
446 894 585 936 putavi.
635 892 797 935 Kiit-zing
824 892 862 923 P.
889 891 1111 924 ferulaceam
1150 891 1195 923 ad
1235 901 1339 923 suani
1366 890 1403 922 P.
1432 888 1559 922 dicho-

32 957 170 986 tomam
198 954 332 992 refert3
365 952 461 996 quod
499 956 622 984 tamen
653 962 695 983 eo
724 952 847 983 minus
886 950 1082 993 probarem
1121 949 1220 993 quod
1256 949 1426 992 diagnosi
1466 948 1558 980 data·

32 1011 278 1044 articulorum
318 1010 517 1053 longitudo
544 1011 580 1042 in
608 1009 732 1053 planta
761 1008 885 1042 Suhrii
917 1019 988 1041 non
1018 1009 1211 1051 convenit3
1245 1018 1310 1040 nec
1338 1007 1558 1041 Suhrianani

33 1070 191 1113 speciem
233 1070 266 1100 in
307 1068 486 1101 adriatico
525 1068 657 1100 lectam
693 1071 876 1111 putarem.
928 1068 1021 1099 Dein
1050 1068 1198 1099 nomine
1240 1068 1276 1099 P.
1314 1066 1560 1099 breviarticu-

32 1127 116 1160 lata³
162 1127 255 1160 hanc
306 1127 464 1170 speciem
511 1127 646 1158 eximie
691 1126 890 1169 descripsit
935 1126 1092 1166 Harvey,
1138 1125 1406 1168 speciminibus
1453 1124 1560 1156 1161)-

33 1187 168 1226 manni,
205 1197 225 1218 a
263 1197 318 1218 me
356 1185 400 1218 ad
445 1185 546 1217 illam
593 1185 751 1228 speciem
793 1184 929 1223 relatis,
970 1188 1010 1216 ut-
1054 1183 1202 1216 videtur
1240 1183 1428 1226 deceptus.
1506 1182 1560 1214 le-

35 1254 121 1276 vera
157 1245 195 1276 P.
222 1243 532 1276 breviarticulatae
571 1244 719 1276 nomine
760 1244 899 1285 species
938 1242 1074 1285 plures,
1114 1253 1186 1275 non
1225 1253 1357 1286 parum
1398 1241 1563 1289 diversae,

34 1308 71 1335 at
108 1303 290 1335 brevitate
337 1301 584 1335 articulorum
629 1303 903 1341 convenientes,
943 1302 977 1333 in
1018 1301 1303 1334 collectionibus
1352 1303 1563 1338 occurrunt,

35 1373 193 1405 quarum
233 1362 509 1394 distinctionem
552 1360 618 1393 hoc
658 1361 740 1393 loco
779 1360 1011 1403 periclitatus
1054 1370 1145 1391 sum.
1210 1359 1357 1402 Species
1397 1358 1563 1399 Harvey-

34 1431 105 1453 ana
132 1431 152 1452 a
179 1430 265 1452 vera
298 1421 334 1452 P.
369 1419 676 1452 breviarticulata
711 1419 857 1450 diti'erre
888 1417 977 1449 milii
1021 1419 1093 1449 visa
1133 1421 1197 1456 est,
1238 1417 1308 1449 tilis
1348 1416 1563 1458 tetragonis,

36 1482 152 1512 Strato
181 1479 346 1511 corticali
375 1478 489 1517 nullo,
517 1480 620 1520 parte
658 1477 850 1519 superiore
878 1488 980 1519 aque
1007 1487 1046 1508 ac
1076 1477 1248 1508 inferiore
1289 1475 1437 1508 tiloruni
1476 1474 1564 1516 rigi-

36 1538 202 1571 diuscula
254 1548 381 1580 parum
427 1538 635 1575 attenuata,
681 1535 751 1567 filis
798 1536 913 1575 magis
960 1534 1181 1576 regulariter
1225 1533 1564 1567 dichotomo-fasti-

36 1598 146 1640 giatis
173 1596 382 1629 Ceramium
411 1596 485 1627 fere
515 1594 794 1633 mentientibus,
833 1595 1035 1625 fructiferis
1078 1595 1190 1625 ramis
1223 1594 1340 1635 magis
1367 1592 1565 1634 decompo-

37 1658 118 1690 sitis
145 1657 296 1689 densius
323 1656 547 1689 dicliotomis
574 1655 855 1697 subt'astigiatis,
884 1653 1015 1686 habitu
1043 1654 1204 1697 denique
1232 1658 1285 1686 sat
1313 1653 1473 1686 diverso.
1513 1652 1566 1684 s}-

38 1715 178 1759 phones
207 1716 235 1747 si
266 1725 330 1757 per
356 1724 393 1746 se
426 1714 674 1747 oli›servantur
702 1716 788 1745 sunt
822 1712 1011 1755 longiores
1049 1723 1194 1755 semper
1221 1722 1328 1755 quam
1357 1711 1450 1750 lata,
1477 1710 1564 1742 dum

37 1775 75 1807 in
101 1775 140 1807 P.
164 1773 464 1806 breviarticulata
495 1783 589 1816 sa=pe
617 1776 699 1804 sunt
728 1772 880 1804 latiores
908 1782 1018 1814 quani
1046 1771 1178 1813 longae.

132 1833 185 1865 De
213 1833 383 1875 proxima
410 1832 587 1863 affinitate
615 1831 651 1862 P.
680 1830 873 1862 ferulacea·
902 1829 1070 1872 quadam
1100 1829 1213 1860 dubia
1240 1828 1363 1860 forsan
1382 1829 1566 1859 maneant.

39 1893 95 1925 Ex
124 1903 196 1924 una
224 1894 325 1934 parte
352 1892 392 1923 P.
417 1891 628 1933 pulvinatze,
649 1891 686 1922 P.
713 1890 870 1931 Binneyi
901 1894 933 1920 et
964 1889 1001 1921 P.
1029 1888 1170 1920 deustffl
1197 1886 1568 1929 comparandampu·

42 1951 124 1991 tavi,
150 1953 185 1982 et
222 1950 467 1983 articulorum
509 1949 690 1981 brevitate
728 1948 773 1980 ad
800 1949 837 1980 P.
864 1948 1021 1989 Binneyi
1053 1947 1289 1989 potissimum
1316 1944 1568 1977 accedentem.

40 2010 96 2043 Ex
123 2009 241 2041 altera
267 2009 311 2041 ad
340 2009 374 2040 P.
403 2008 620 2051 forcipatani
649 2007 929 2039 ramificationis
963 2016 1091 2038 norma
1127 2003 1407 2048 quodammodo
1434 2002 1569 2045 adpro-

41 2069 256 2112 pinquatur.
307 2067 397 2100 Cum
426 2067 462 2100 P.
490 2066 683 2109 pulvinata
723 2066 897 2098 convenit
940 2064 1128 2097 crescendi
1167 2063 1298 2105 modo·7
1325 2061 1478 2094 nodosis
1505 2071 1568 2102 ge-

42 2128 175 2160 niculis
203 2139 286 2160 cum
313 2128 351 2159 P.
379 2127 522 2159 deusta.
571 2126 608 2157 P.
636 2124 821 2157 urceolata
862 2125 1047 2157 fructibus
1088 2125 1243 2156 nimium
1284 2122 1419 2161 differt,
1458 2131 1568 2163 quani

44 2190 85 2219 ut
111 2187 204 2219 hanc
231 2188 401 2230 proxime
429 2186 575 2218 astinem
604 2184 790 2217 haberem.

136 2246 327 2288 Specimen
354 2255 399 2276 ex
426 2244 558 2276 insulis
586 2242 809 2276 Noukahiva
835 2242 879 2275 ab
908 2241 1117 2274 Edoni-din
1145 2241 1285 2273 lectum
1313 2239 1390 2282 (nto
1418 2238 1501 2278 111)
1525 2236 1569 2269 ad

44 2303 82 2336 P.
110 2303 333 2336 ferulaceam
361 2304 495 2335 refero.
545 2301 856 2335 En‹ilocln·omatis
883 2301 1042 2344 quadam
1071 2300 1254 2333 divisione
1282 2310 1440 2342 superne
1466 2296 1572 2340 poly-

47 2361 215 2405 siphonia
241 2363 414 2406 adparet;
443 2362 603 2394 sectione
630 2372 718 2393 vero
747 2360 986 2393 transversali
1015 2359 1187 2402 siphones
1212 2358 1233 2390 4
1259 2358 1346 2390 vidi.

48 2467 111 2505 61.
143 2467 186 2505 P.
218 2477 540 2504 HAPALACANTHA
570 2465 710 2513 (Harv.
741 2465 831 2502 Ner.
871 2465 962 2502 Bor.
1009 2462 1095 2500 Am.
1118 2475 1159 2509 p.
1190 2461 1260 2509 39)
1305 2456 1572 2497 erectiuseula

157 2535 359 2586 elongata,
392 2532 470 2570 filis
502 2531 724 2583 tetragonis
755 2545 777 2569 a
807 2531 895 2570 basi
934 2529 1158 2569 articulatis
1201 2528 1251 2565 acl
1293 2524 1481 2577 genicula.
1512 2523 1571 2560 in-

156 2600 306 2639 feriora
348 2598 513 2638 nodosis
556 2596 1103 2650 deeomposito-dichotomis
1154 2590 1459 2643 snbfastigiatis‚
1510 2602 1572 2626 ra-

160 2667 360 2717 mulisque
390 2664 621 2717 patentibus
653 2663 1025 2716 spinulaeformibus
1056 2658 1385 2710 subsimplicibus
1417 2655 1573 2700 obsitis‚

159 2734 338 2772 articulis
377 2730 634 2783 4-siphoniis‚
676 2731 939 2770 inferioribus
979 2727 1215 2766 tenuissime
1252 2723 1457 2763 corticatis
1488 2722 1572 2760 dia-

162 2805 290 2840 metro
322 2798 728 2850 sesquilongioribus,
760 2809 961 2836 ramorum
994 2793 1112 2833 nudis
1142 2792 1339 2831 diametro
1365 2790 1576 2839 subaequa-

162 2867 279 2912 libus,
311 2865 506 2904 fructibus
540 2893 710 2902 .....

1406 2922 1468 2956 65*
