1728 3110
181 113 204 153 9
215 114 238 154 9
248 117 271 153 (ἱ
803 112 1085 156 RHODOMELEAE.
1378 117 1688 171 Polyszfflzonia.

171 242 374 283 longiores,
400 240 631 273 ramulorum
660 241 763 284 2-plo
790 241 990 285 longiores,
1012 243 1135 276 ultimi
1156 244 1367 291 breviores·⁷
1395 250 1556 281 sectione
1572 252 1690 281 trans-

171 299 306 331 versali
346 298 421 331 vidi
460 298 633 342 siphones
671 299 692 331 4
731 300 888 342 majores
927 303 1024 334 circa.
1063 303 1263 337 centra-lein
1302 309 1517 349 angustum,
1554 307 1690 340 cortice

170 356 288 390 nullo.
340 356 484 390 Chartae
511 359 718 390 arctissime
746 358 921 392 adher-ret.

263 415 408 458 Species
436 415 524 447 milii
552 416 701 449 videtur
728 416 1010 450 distinctissima
1036 421 1071 451 et
1098 419 1263 452 ramellis
1290 430 1403 461 ramo,
1425 431 1469 453 ex
1491 431 1566 464 quo
1587 431 1690 464 egre-

169 474 335 512 diuntur,
374 474 547 518 multiplo
587 476 823 509 tenuioribus
861 477 1122 520 dignoscenda,
1159 478 1221 511 sed
1261 481 1387 522 paucis
1426 480 1690 523 speciminibus

169 534 314 564 tantum
343 533 550 565 observatis
577 535 700 567 nescio
726 545 771 567 an
800 545 945 578 semper
970 536 1103 569 iisdem
1130 537 1380 579 dignoscatur.
1406 539 1689 571 Juveniliaetate

168 590 353 632 penicillis
389 591 565 624 fibrarum
604 592 773 628 obsitam,
806 594 968 636 Dasyam
995 594 1175 635 crederes,
1203 595 1267 628 sed
1293 596 1434 629 fructus
1461 601 1547 629 sunt
1580 597 1689 640 Poly-

169 649 359 692 siphonifc.

260 709 314 741 De
354 708 460 751 Algis
497 709 779 743 Mediterraneis
806 710 982 751 scribens,
1017 711 1164 745 nullum
1199 714 1386 755 specimen
1412 715 1526 757 ipsius
1554 715 1688 757 speciei

166 766 417 808 Agardliiana‘
450 768 495 800 ad
531 778 659 801 manus
686 767 809 808 habui,
836 770 898 802 sed
927 771 1127 813 specimine
1154 771 1291 812 formae,
1318 782 1397 816 quae
1428 773 1617 805 varietatis
1643 773 1687 806 ad

166 826 283 857 instar
309 826 344 857 in
373 826 565 869 speciebus
601 826 785 869 Algarum
825 829 1011 871 primariae
1049 829 1299 872 subjungitur,
1333 831 1519 875 deceptus
1552 834 1689 865 articu-

166 882 289 915 lorum
322 883 559 926 longitudine
594 884 658 917 lias
695 886 833 918 formas
870 888 1054 930 przrcipue
1081 887 1246 921 diversas
1272 889 1423 922 credidi.
1474 890 1551 923 Hoc
1578 891 1689 924 modo

167 942 351 974 diversam
380 944 533 975 omnino
561 945 721 986 speciem
749 954 817 988 pro
844 945 881 977 P.
909 945 1156 979 arachnoidea
1183 947 1308 980 habui.
1340 948 1553 982 Observatis
1580 949 1689 982 hodie

166 1003 442 1045 speciminibus,
469 1004 505 1036 P.
524 1003 809 1037 arachnoideam
838 1006 910 1038 alio
937 1006 1043 1049 plane
1071 1008 1182 1041 modo
1210 1010 1449 1052 interpretor.
1497 1011 1535 1043 P.
1562 1010 1688 1043 arach-

165 1062 337 1095 noidcam
376 1063 485 1096 Rutz.
525 1075 613 1096 nica·
652 1065 687 1096 in
727 1065 812 1107 Alg.
852 1066 945 1098 Med.
984 1067 1179 1109 descripta*
1217 1068 1413 1101 identicam
1442 1072 1540 1111 puto.
1574 1081 1686 1113 quum

167 1121 362 1163 (liaguosin
391 1121 437 1153 ad
466 1133 585 1154 meam
624 1133 795 1155 exarasse
828 1123 987 1156 videtur.
1042 1125 1095 1158 De
1129 1127 1249 1168 specie
1282 1126 1506 1169 Meneghinii
1535 1138 1579 1160 ex
1608 1138 1686 1170 spe-

165 1179 299 1211 cimine
327 1178 403 1221 ejus
430 1181 580 1212 nomine
606 1181 786 1223 inscripto
814 1181 895 1223 (sed
925 1192 945 1214 a
971 1182 1070 1215 Titio
1098 1185 1367 1227 proveniente).
1392 1186 1429 1217 in
1456 1185 1524 1218 Hb.
1551 1186 1687 1218 Lenor-

165 1238 291 1271 mandi
319 1242 520 1278 asservato,
547 1238 688 1279 judico.

163 1377 227 1415 70.
261 1378 302 1416 P.
342 1391 570 1417 ERYTHRAEA
616 1379 815 1425 (Schousb.
850 1384 976 1430 mser.)
1021 1382 1187 1433 caespite
1235 1383 1504 1424 erectiusculo
1550 1385 1685 1425 subin-

274 1446 418 1485 tricato
464 1447 599 1493 rubro,
649 1447 727 1486 filis
768 1449 938 1500 sparsim
976 1449 1251 1489 radicantibus
1289 1464 1311 1488 a
1348 1451 1434 1490 basi
1465 1452 1686 1492 articulatis

274 1513 517 1552 dichotomis
556 1514 803 1565 ramulisque
842 1515 1106 1567 sparsissimis
1146 1516 1324 1568 virgatis,
1367 1517 1489 1556 ramis
1519 1518 1685 1558 inferio-

271 1581 382 1620 ribus
423 1582 524 1620 ultra
566 1582 839 1633 capsslaribus,
879 1584 1077 1635 supremis
1109 1585 1356 1623 tenuissimis
1389 1586 1634 1637 ramulisque
1664 1600 1685 1624 a

273 1648 358 1685 basi
398 1648 595 1687 crassiore
635 1649 873 1700 longissime
912 1651 1113 1701 protensis
1152 1651 1502 1703 simpliciiisciiliS‚
1547 1654 1685 1692 axillis

271 1715 584 1765 patentissimis,
625 1716 805 1754 articulis
844 1716 1103 1768 4—siphoniis‚
1144 1718 1404 1758 inferioribus
1444 1720 1681 1759 diametrum

270 1795 410 1833 parum
452 1783 748 1835 superantibus,
788 1784 933 1822 mediis
972 1784 1169 1836 subtriplo
1208 1785 1476 1838 longioriliuS‚
1507 1788 1683 1840 sphaero-

271 1850 400 1902 sporis
419 1851 458 1888 in
485 1850 651 1888 ramulis
683 1852 1112 1890 verrucoso-torulosis
1139 1853 1310 1900 seriatis,
1335 1854 1571 1893 keramidiis
1589 1868 1684 1895 ova-

270 1916 319 1954 tis
351 1916 605 1968 pedicellatis
638 1917 677 1955 in
709 1918 875 1955 ramulis
905 1918 1181 1969 rigidiusculis
1212 1921 1420 1960 subulatis.

252 1995 473 2029 Hutchinsia
500 1996 680 2039 erythrzra
710 1995 885 2029 Schousb.
911 1997 950 2030 in
976 1996 1089 2030 ΗΘΜ).

268 2077 370 2116 Hab.
402 2077 442 2115 in
476 2090 629 2116 oceano
660 2077 852 2115 atlantico
886 2078 934 2116 ad
970 2078 1119 2130 Tingin
1147 2078 1423 2124 (Schousboel
1458 2081 1680 2127 Salzmanl)

250 2167 396 2210 Caespes
429 2167 519 2199 2-3
546 2167 745 2210 pollicaris‚
778 2168 860 2200 aliis
888 2168 982 2210 algis
1010 2168 1213 2209 adlizcreiis,
1240 2171 1508 2204 erectiusculus
1533 2175 1570 2205 at
1596 2172 1680 2215 plus

159 2228 281 2260 minus
308 2226 685 2269 globoso-expansus,
714 2237 1017 2269 quoquoversum
1044 2229 1265 2269 increscens,
1280 2229 1364 2261 laxe
1388 2231 1592 2269 intricatus,
1608 2230 1679 2263 filis

157 2295 303 2328 quoque
338 2285 595 2328 superioribus
628 2286 785 2326 sparsim
819 2285 1086 2319 radicantibus.
1140 2286 1219 2319 Fila
1255 2287 1380 2320 axillis
1412 2290 1678 2331 patentissimis

158 2343 381 2383 ‹lichotomzu
414 2342 642 2385 ramulisque
676 2342 894 2385 longissime
921 2346 1086 2377 extensis
1115 2345 1298 2378 distanter
1325 2347 1476 2389 virgata,
1502 2348 1680 2381 inferiora

158 2401 345 2433 sublivida
371 2401 552 2444 geniculis
581 2401 860 2433 obscurioribus
889 2403 1076 2445 variegata
1103 2404 1358 2443 crassiuscula,
1384 2415 1516 2447 nempe
1543 2406 1677 2449 capillo

157 2460 348 2498 crassiora,
382 2460 574 2502 superiora
608 2459 854 2492 roseo-rubra
881 2460 1000 2493 multo
1029 2463 1211 2494 tenuiora.
1267 2463 1414 2496 Ramuli
1442 2474 1678 2507 quoquover-

156 2527 235 2549 sum
264 2517 496 2559 egredientes
523 2518 649 2559 sparsi,
676 2516 733 2549 hie
760 2517 837 2549 illic
864 2519 1066 2559 secundati,
1092 2519 1204 2563 longe
1231 2523 1396 2563 protensi
1423 2524 1572 2563 arcuati⁷
1593 2524 1677 2555 sim-

158 2574 272 2617 plices
299 2577 363 2606 aut
391 2585 497 2617 parce
526 2575 595 2617 ipsi
623 2575 741 2614 divisi,
769 2586 789 2607 a
816 2575 893 2607 basi
920 2578 1100 2610 crassiore
1126 2578 1345 2621 longissime
1372 2582 1557 2613 attenuati
1585 2581 1677 2614 mol-

156 2632 229 2671 les3
250 2631 445 2672 juveniles,
471 2633 576 2675 quasi
604 2632 901 2675 prolificationes,
929 2638 1015 2667 sunt
1042 2646 1154 2676 ramo,
1175 2647 1280 2679 aquo
1301 2639 1536 2680 proveniunt,
1556 2640 1676 2673 multo

156 2691 363 2733 tenuiores·7
402 2689 720 2733 sitilizerosporiseri
759 2694 845 2723 sunt
885 2693 1084 2726 crassiores
1123 2704 1226 2738 arque
1262 2695 1425 2737 elongati
1459 2707 1675 2730 verrucoso-

156 2747 315 2780 torulosi
342 2746 621 2789 sphaerosporas
648 2749 765 2791 magis
792 2758 938 2791 sparsas
965 2753 1029 2782 aut
1057 2751 1209 2784 seriatas
1237 2756 1426 2795 gerentes3
1461 2754 1675 2787 keramidiis

155 2806 337 2837 instructa
375 2804 501 2848 planta
539 2805 649 2838 habet
686 2806 851 2839 ramulos
884 2807 1084 2849 breviores,
1116 2809 1275 2853 ideoque
1310 2811 1385 2842 fere
1419 2811 1613 2845 subillatos
1640 2816 1675 2844 et

156 2863 432 2903 rigidinscnlos.
488 2862 699 2897 Keramidia
732 2865 812 2907 ipsa
839 2868 943 2896 ovata
974 2866 1138 2899 breviter
1164 2867 1395 2910 pedicellata.
1446 2869 1606 2902 Articuli
1634 2872 1671 2903 in
