1728 3110
32 163 195 218 Dasya,
642 158 923 202 linononEiAEAE.
1421 158 1473 200 ¹12
1483 158 1507 200 O
1518 158 1541 200 9

31 290 177 323 venilia.
226 290 441 324 Keramidia
468 293 552 323 sunt
578 292 615 323 in
643 299 746 322 ramo
773 290 877 321 brevi
905 290 1168 334 polysiphonio
1195 295 1230 323 et
1257 301 1352 334 sche
1367 291 1544 323 corticato

32 349 322 389 subterminalia,
349 349 522 392 penicillo
549 348 790 381 ramellorum
808 348 1024 381 inferiorum
1054 349 1546 392 stipata,ovato-urceolam,

31 417 92 440 ore
120 407 274 451 obliquo
302 407 661 451 subcampanulatim
689 408 830 450 aperto.

120 466 266 509 Species
292 466 441 499 videtur
467 468 522 499 sat
549 466 732 504 distincta,
759 468 940 508 quantum
968 466 1129 498 innotuit
1157 466 1302 509 pusilla,
1322 467 1366 499 D.
1382 465 1545 498 ocellatae

32 523 99 556 hoc
125 527 292 567 respectu
320 525 466 569 amula,
493 528 529 557 at
555 534 700 556 ramosa
727 527 763 555 ct
788 522 906 555 multo
940 523 1059 556 laxius
1094 524 1290 561 ramulosa,
1317 524 1546 566 ramulisque

30 583 258 615 firmioribus
287 585 479 616 instructa.
528 582 696 616 Ramulis
722 581 931 614 laxioribus
958 593 978 614 a
1004 582 1175 625 plurimis
1202 583 1283 615 aliis
1303 593 1450 626 quoque
1466 582 1546 625 dig-

30 644 217 674 noscatur.
267 643 404 675 Forsan
444 642 605 674 dubitari
647 643 771 684 posset
798 652 840 673 an
870 640 914 673 ad
942 640 1225 674 Rhodonemata
1252 643 1464 684 pertineret,
1491 643 1546 673 ut-

31 703 116 742 pote
144 700 308 733 fasciculi
336 701 485 744 plurimi
515 700 729 733 terminales
761 710 806 731 ex
836 701 948 732 ramis
986 700 1160 733 brevibus
1197 701 1457 744 provenientes
1483 700 1545 732 ad-

30 760 191 800 pareant,
218 760 324 802 quasi
356 758 571 802 penicillum
599 758 775 801 apicalem
804 759 897 790 rami
923 759 1055 790 minuti
1069 757 1292 801 formantes3
1319 759 1407 790 atin
1421 758 1547 801 planta

30 815 273 849 stichidiifera
303 816 436 849 ramuli
465 817 663 850 inferiores
690 828 708 849 a
735 820 852 850 strato
880 816 1044 850 corticali
1072 818 1334 861 provenientes
1349 820 1436 850 sunt
1450 820 1546 850 certe

29 884 49 907 a
77 875 152 907 basi
180 875 467 919 monosiphonii.

28 1001 93 1040 29.
125 1002 173 1041 D.
202 1002 467 1042 HUSSONIANA
511 1003 651 1051 (Mam.
704 1002 806 1041 Ceut.
856 1002 921 1040 VI.
965 1014 1027 1041 mo
1057 1001 1126 1047 76)
1157 1003 1417 1041 teretiuscula
1447 1014 1549 1054 vage

139 1069 336 1122 pinnatim
380 1083 539 1109 ramosa
583 1075 651 1108 aut
694 1070 1017 1116 subdiehotoma,
1062 1073 1147 1109 tota
1190 1069 1395 1116 corticata,
1434 1069 1549 1108 caule

138 1138 341 1188 ramisque
372 1137 567 1176 flexuosis
599 1137 981 1189 subdivergentibus
1013 1136 1172 1176 interne
1203 1136 1409 1183 subnudis‚
1433 1137 1548 1188 apice

139 1208 179 1242 et
208 1204 446 1256 longissime
485 1205 671 1243 deorsum
719 1203 1293 1256 longe-penicillato-villosis‚
1334 1203 1547 1256 penicillo-

138 1284 226 1309 rum
259 1271 336 1309 [ilis
367 1284 691 1322 quoquoversum
724 1285 746 1310 a
776 1272 927 1311 cortice
965 1271 1209 1310 exeuntibus
1239 1284 1261 1309 a
1290 1271 1377 1310 basi
1408 1283 1547 1310 mono-

138 1337 336 1390 siphoniis
366 1338 596 1376 tenerrimis
627 1343 742 1377 acute
767 1338 1022 1385 dichotomis‚
1055 1338 1234 1377 articulis
1252 1338 1449 1377 diametro
1467 1349 1547 1376 ses-

139 1405 347 1457 qui-triplo
379 1405 646 1457 longioribus,
677 1405 873 1445 fructibus
905 1435 913 1444 .
946 1435 954 1444 .
987 1435 996 1444 .

122 1484 246 1526 Dasya
272 1484 506 1517 Hussoniana
532 1483 650 1517 Mont.
678 1483 700 1517 l.
728 1493 756 1517 c.
782 1484 822 1517 ‘in
846 1483 946 1517 Arm.
973 1482 1030 1517 Sc.
1056 1482 1145 1518 Nat.
1175 1483 1264 1518 1849
1283 1492 1323 1526 p.
1351 1483 1431 1517 290.
1457 1481 1548 1525 Syll.

25 1549 64 1582 p.
90 1541 173 1574 425!
203 1539 368 1574 Zemard.
396 1538 454 1574 Pl.
479 1542 594 1575 maris
619 1541 722 1576 rubr.
744 1552 784 1585 p.
812 1543 872 1576 51!

122 1600 244 1643 Dasya
269 1600 471 1633 divaricata
498 1598 664 1634 chnarcl.
690 1601 729 1634 in
754 1599 930 1644 Regensb.
957 1599 1076 1634 Flora
1103 1600 1204 1634 1851.
1226 1608 1266 1642 p.
1293 1599 1347 1633 34.

140 1681 240 1721 Hab.
274 1682 314 1720 in
346 1682 446 1721 mari
476 1682 597 1722 rubro
630 1681 822 1729 (Husson‚
855 1681 931 1721 Hb.
963 1681 1204 1725 Lenorm.!).

123 1762 216 1795 Tota
253 1763 355 1795 frons
394 1763 738 1806 circumscriptione
776 1762 900 1806 ampla
942 1761 1152 1795 dodrantali
1192 1759 1485 1803 hemisphaerica,
1530 1767 1550 1789 a

30 1820 109 1853 basi
136 1821 306 1854 subnuda
333 1821 540 1854 intervallis
567 1821 745 1854 brevibus
774 1831 905 1864 nempe
933 1820 1145 1853 uncialibus
1160 1818 1372 1852 dichotome
1393 1825 1549 1853 ramosa,

31 1881 137 1919 teres,
162 1890 228 1911 nec
254 1880 325 1911 nisi
352 1880 599 1912 exsiccatione
638 1889 859 1923 compressa,
896 1878 1146 1921 cartilaginea,
1184 1877 1369 1916 continua,
1404 1874 1550 1907 cellulis

31 1936 204 1979 oblongis
233 1939 420 1971 corticata.
469 1939 574 1971 Raini
607 1938 753 1978 alterni,
786 1937 997 1980 inaequa-les,
1022 1937 1192 1975 flexuosi⁷
1221 1934 1345 1967 axillis
1371 1933 1549 1966 rotunda—

32 1995 77 2026 tis
104 1998 168 2027 aut
194 1995 358 2028 dilatatis
392 1999 704 2039 erecto-patentes
739 1996 998 2039 subfasfflgiati,
1036 1994 1200 2038 undique
1238 1994 1309 2026 filis
1347 1993 1471 2025 densis
1497 1994 1549 2023 te-

30 2053 218 2086 nuissimis
245 2055 379 2086 vestiti.
418 2053 496 2087 Fila
521 2064 627 2097 parce
654 2054 877 2094 dichotoma,
903 2053 1160 2086 millimetrurn
1189 2055 1224 2083 ct
1251 2051 1352 2095 quod
1381 2052 1550 2092 superest

31 2111 156 2154 longa,
181 2111 260 2144 basi
286 2112 305 2143 3
332 2112 564 2144 centimillm.
591 2122 721 2152 crassa⁷
748 2113 849 2156 apice
877 2113 1013 2145 sensim
1039 2113 1241 2150 attenuata,
1267 2109 1472 2147 articulata,
1491 2118 1548 2140 ar-

32 2169 156 2202 ticulis
183 2170 540 2211 callithamnioideis,
567 2171 748 2203 diametro
786 2171 898 2214 duplo
938 2171 1051 2215 triplo
1078 2180 1162 2203 raro
1191 2168 1401 2213 quadruplo
1428 2167 1549 2209 longi-

32 2228 170 2261 oribus.
219 2229 536 2262 Fructificationes
562 2228 678 2261 ambae
705 2229 952 2273 inquirendae.

103 2273 178 2318 *Ita
202 2287 409 2330 Montagne,
436 2288 496 2330 qui
525 2286 688 2330 plantam
716 2298 800 2319 cum
825 2288 869 2320 D.
896 2288 1054 2330 punicea
1082 2297 1127 2318 ex
1156 2296 1229 2319 una
1254 2287 1366 2328 parte,
1393 2293 1476 2315 cum
1506 2282 1548 2314 D.

32 2345 237 2377 cervicorni
275 2355 319 2377 ex
359 2344 477 2376 altera
512 2345 750 2388 comparavit.
799 2344 887 2378 Mihi
921 2345 964 2377 D.
994 2343 1197 2376 cervicorni
1236 2352 1310 2375 non
1346 2339 1549 2373 admodum

31 2402 151 2434 affluis
178 2403 344 2446 videtur·7
372 2403 414 2435 D.
441 2403 603 2445 punicea·
630 2404 840 2445 proximam
867 2402 1004 2444 judico,
1030 2400 1286 2443 magnitudine
1313 2409 1411 2439 veroy
1437 2398 1549 2430 ramis

32 2460 273 2502 rigidiuscule
298 2461 476 2493 flexuosis
503 2460 794 2503 divergentibus,
828 2459 1029 2501 majoribus
1058 2457 1364 2497 subdichotomis,
1390 2456 1461 2489 filis
1487 2466 1549 2499 pe-

31 2518 244 2552 nicillorum
282 2518 515 2561 longioribus
554 2520 606 2557 (in
646 2520 855 2562 specimine,
893 2517 993 2561 quod
1021 2517 1240 2555 examinavi,
1267 2517 1352 2547 sunt
1383 2523 1502 2557 usque
1528 2513 1549 2545 3

32 2576 148 2610 lineas
176 2577 305 2620 longa)
333 2576 572 2620 articulisque
599 2576 836 2610 brevioribus
864 2576 1059 2609 diversam.

33 2705 97 2744 30.
129 2706 176 2744 D.
209 2717 381 2743 PUNICEA
410 2704 604 2754 (Meozeyh.
645 2709 772 2755 mser.)
817 2703 1076 2744 teretiuscula
1119 2713 1221 2753 vage
1258 2700 1456 2752 pinnatim
1487 2714 1549 2739 ra-

142 2775 369 2812 mosastota
398 2772 604 2818 corticata,
635 2773 749 2811 caule
790 2771 993 2820 ramisque
1029 2768 1188 2807 inferne
1218 2767 1402 2818 reliquiis
1432 2768 1549 2820 peni-

144 2839 329 2878 cillorum
360 2838 642 2888 inaequalibus,
672 2839 788 2890 apice
819 2842 860 2876 et
882 2836 1042 2888 longius
1074 2835 1261 2874 deorsum
1293 2834 1547 2886 penicillato-

144 2905 312 2951 villosis,
351 2904 635 2957 penicillorum
667 2904 745 2943 filis
776 2914 1101 2955 quoquoversum
1131 2914 1154 2939 a
1184 2900 1335 2940 cortice
1362 2902 1547 2940 exeunti-

1392 2968 1454 3001 78*
