1728 3110
101 119 124 160 8
134 121 156 161 5
168 119 191 160 2
722 115 1008 158 RHODOMELEAE.
1374 120 1632 162 Martensia.

190 249 352 289 Caeteris,
378 251 420 281 ut
445 247 608 288 videtur,
635 247 756 281 adhue
784 250 946 290 tenuior,
963 250 1109 282 intense
1133 252 1169 282 et
1184 247 1438 293 pulcherrime
1454 250 1635 287 coccinea,

97 308 246 340 circiter
284 306 485 350 pollicaris⁷
524 308 630 349 parte
668 307 847 340 inferiore
875 309 912 340 in
940 309 1106 350 stipitem
1134 308 1399 340 brevissimum
1427 310 1634 346 contracta,

98 375 185 396 mox
224 365 411 396 cuneatim
451 374 626 407 expansa,
663 364 838 409 lobisque
879 368 957 397 tum
995 376 1016 397 a
1041 367 1210 408 margine
1239 366 1519 408 emergentibus
1547 365 1634 397 sub-

96 423 223 461 divisa,
251 423 330 454 tum
357 432 378 453 a
415 421 518 455 diseo
555 422 744 465 proliferis
772 432 866 466 saepe
892 423 1326 456 imbricato-multi]oba.
1373 424 1464 456 Lobi
1487 422 1635 465 juveni—

97 479 150 511 les
189 479 350 520 obovati,
390 490 479 513 mox
519 481 667 512 cuneati
703 484 739 512 et
763 480 954 520 flabellati,
980 480 1139 522 majores
1166 491 1331 524 unguem
1359 482 1424 513 vix
1451 480 1527 520 lati,
1554 490 1636 512 sen-

96 539 165 570 sim
203 548 288 569 euni
314 538 448 571 fronde
480 539 720 579 confluentes
756 549 838 582 quae
865 538 935 571 hoe
961 539 1074 572 modo
1102 540 1276 571 fenestris
1302 539 1478 582 pluribus
1506 548 1635 581 super-

102 598 246 640 positis,
274 599 489 640 contiguam
518 600 659 640 partem
688 597 927 639 longitudine
955 597 1106 630 demum
1133 598 1332 640 insigniter
1359 596 1634 640 superantibus,

96 655 303 688 cancellata
340 656 506 699 adparet.
575 655 723 688 Areolfe
770 656 1036 696 fenestrarum,
1075 666 1142 699 pro
1182 657 1327 689 ratione
1365 654 1636 698 magnitudinis

98 713 244 756 plantae,
271 714 476 746 admodum
506 724 659 756 magnae,
685 713 966 756 reetangulares
994 716 1059 746 aut
1086 714 1396 758 subquadratieee,
1420 714 1635 756 superiores

97 771 278 815 cujusque
317 772 488 804 fenestra·
529 775 567 803 ut
599 773 634 804 in
663 771 745 804 aliis
778 772 973 814 speciebus
1001 771 1172 812 majores.
1224 771 1443 804 Trabeculae
1470 771 1636 813 longitu-

101 830 244 862 dinales
282 832 455 862 constant
489 830 717 862 membranis
744 830 959 862 areolarum
988 830 1104 862 latere
1134 830 1312 870 dilatatis,
1338 829 1486 862 cellulis
1513 830 1550 861 in
1578 827 1635 860 his

99 887 502 930 sublongitudinaliter
531 888 679 919 seriatis
707 888 838 927 (series
863 897 983 930 usque
1012 887 1054 920 12
1081 888 1310 929 numeravi).
1336 887 1449 920 dorso
1464 886 1636 929 paginam

101 948 291 988 spectante
329 947 404 978 sere
448 946 596 978 unicani
636 946 769 977 seriem
808 945 1033 978 cellularum
1073 948 1325 988 monstrante·7
1366 943 1636 977 transversales

101 1003 300 1035 trabeculae
338 1005 567 1046 conformes·7
606 1004 821 1036 accessoria*
859 1004 935 1035 sere
974 1003 1099 1036 nullae.
1149 1005 1277 1046 Margo
1304 1003 1478 1035 fenestris
1507 1011 1636 1045 super-

100 1063 245 1104 positus
282 1063 317 1093 in
352 1061 512 1103 juvenili
551 1061 639 1094 lobo
678 1061 975 1104 integriusculus
1012 1065 1077 1094 aut
1115 1063 1257 1094 minute
1297 1060 1525 1100 crenulatus,
1548 1069 1636 1092 mox

100 1119 282 1152 dilatatur
308 1123 344 1152 et
370 1122 406 1152 in
434 1130 552 1153 novos
578 1120 686 1153 lobos
702 1120 938 1163 producitur.

626 1243 791 1296 Species
824 1244 1099 1297 ¹iuquirewdoc.·

98 1333 134 1373 7.
169 1334 413 1373 MARTENsm
445 1348 502 1374 sp·
534 1335 656 1373 Harax
687 1337 732 1373 in
764 1336 889 1373 Flora
919 1337 965 1383 of
994 1335 1210 1373 Tasmania
1231 1347 1274 1382 p.
1303 1334 1396 1373 294.

209 1413 310 1452 Hab.
330 1414 379 1451 ad
413 1426 503 1453 oras
534 1413 765 1453 Tasmaniae
800 1415 939 1461 (Gunn
972 1418 1011 1452 et
1043 1414 1260 1465 Fereday).

193 1493 417 1535 Fragmenta
444 1495 580 1537 speciei
608 1495 805 1536 gigantieae
833 1497 979 1526 tantuin
1007 1495 1096 1527 visa.
1137 1495 1214 1528 Sec.
1232 1492 1318 1529 haec,
1333 1503 1418 1536 pars
1434 1493 1637 1526 fenestrata

100 1549 242 1582 frondis
283 1550 383 1583 ultra
419 1551 440 1583 6
480 1551 669 1594 pollicaris
705 1552 918 1596 videretur3
946 1552 1081 1584 areolae
1108 1552 1278 1584 senestrae
1305 1551 1462 1593 singulae
1488 1552 1565 1584 sere
1593 1551 1631 1594 Ἃ

99 1606 246 1649 pollicis
285 1608 416 1651 longae,
456 1609 591 1641 lineam
632 1609 726 1642 latae.
777 1611 905 1652 Margo
941 1611 1108 1642 exterior
1134 1609 1528 1643 fimbriato-laciniam.
1579 1609 1634 1641 Ita

98 1665 174 1697 sere
200 1666 359 1709 Harvey,
385 1668 450 1710 qui
477 1669 512 1698 in
541 1667 653 1709 Phyc.
683 1670 797 1699 austr.
826 1667 919 1699 hane
946 1669 1103 1710 speeiem
1133 1668 1176 1700 ad
1205 1669 1251 1702 M.
1278 1668 1480 1700 australem
1497 1668 1633 1700 ducere

100 1723 260 1756 videtur.

100 1884 364 1938 CXXIX.
405 1885 757 1938 POLLEXFENIA
801 1903 923 1941 Ham
966 1904 1010 1941 in
1055 1904 1173 1942 Hoolc.
1216 1904 1341 1943 Loml.
1379 1906 1516 1944 Jom'w.
1548 1905 1633 1944 Bor.

218 1969 292 2007 Vol.
322 1971 403 2007 III.
425 1983 467 2018 p.
499 1970 591 2009 431.
631 1971 721 2008 Ner.
753 1971 888 2008 Ausr‘r.
912 1984 953 2019 2).
984 1970 1049 2009 21.
1081 1972 1201 2010 Katre.
1230 1984 1349 2020 8122).
1380 1972 1472 2011 874.
1507 1972 1633 2017 (excl.

210 2050 268 2088 sp.
300 2050 363 2089 ap.
398 2038 599 2085 omnes?).

100 2114 228 2153 Frons
272 2116 394 2167 plana
432 2115 883 2155 dichotomo-laciniata
913 2119 1106 2161 eoostata,
1137 2116 1253 2154 venis
1286 2115 1523 2155 flabellatim
1557 2129 1628 2154 ex-

211 2182 467 2220 currentibus
498 2194 703 2233 percursa,
734 2182 1051 2233 parenchymate
1082 2182 1313 2221 inordinate
1340 2183 1631 2230 areolata,cel-

210 2247 381 2285 lularum
415 2248 567 2299 duplici
599 2252 722 2286 strato
755 2252 969 2298 contexta;
1001 2248 1208 2287 interioris
1240 2250 1399 2287 cellulis
1430 2250 1630 2301 angustis-

211 2314 324 2351 simis
368 2327 492 2352 venas
538 2315 749 2352 immersas
795 2314 1157 2365 constituentibus;
1210 2316 1427 2355 exterioris
1473 2317 1632 2354 cellulis

210 2379 384 2432 simplici
418 2385 505 2427 (aut
534 2380 797 2432 multiplici?)
831 2381 937 2418 serie
970 2381 1192 2432 dispositis,
1219 2382 1630 2434 hexagono—polygo-

210 2447 285 2493 nis,
333 2447 373 2485 in
417 2450 586 2497 utraque
625 2447 775 2499 pagina.
804 2446 890 2484 fere
922 2459 943 2484 e
974 2447 1143 2498 regione
1175 2448 1330 2499 positis
1388 2448 1559 2486 Fructus
1591 2449 1629 2487 in

210 2514 482 2564 processubus
513 2513 688 2565 propriis
719 2513 981 2559 fasciculatis‚
1013 2526 1035 2551 a
1066 2513 1181 2551 venis
1200 2515 1515 2565 emergentibus,
1536 2528 1630 2555 evo-

210 2580 296 2618 luti.
356 2581 591 2618 Keramidia
636 2584 768 2623 ovata,
812 2580 914 2617 intra
955 2580 1225 2631 pericarpium
1260 2580 1513 2627 cellulosum,
1545 2594 1630 2620 car-

210 2646 413 2696 postomio
460 2650 657 2698 apertum,
696 2645 918 2696 genimidia
948 2645 1188 2696 pyriformia
1219 2645 1258 2683 in
1291 2645 1461 2684 articulo
1492 2647 1629 2685 termi-

211 2712 293 2750 nali
326 2712 487 2750 filorum
518 2725 539 2750 a
570 2712 759 2763 placenta
788 2711 1032 2749 radiantium
1066 2711 1258 2749 foventia.
1309 2711 1500 2749 Stichidicc
1531 2714 1629 2752 obo-

211 2778 505 2829 vato-oblonga
549 2778 850 2823 subartieuIata,
883 2777 1186 2829 spliaerosporas
1217 2777 1257 2815 in
1289 2776 1460 2816 articulo
1492 2779 1628 2829 plures

212 2843 475 2882 verticillatas
506 2845 755 2895 generantia.

1726 150 1728 164 l

1727 172 1728 187 l
