<?xml version="1.0" encoding="UTF-8"?>
<!DOCTYPE html PUBLIC "-//W3C//DTD XHTML 1.0 Transitional//EN"
    "http://www.w3.org/TR/xhtml1/DTD/xhtml1-transitional.dtd">
<html xmlns="http://www.w3.org/1999/xhtml" xml:lang="en" lang="en">
 <head>
  <title>
</title>
<meta http-equiv="Content-Type" content="text/html;charset=utf-8" />
  <meta name='ocr-system' content='tesseract 3.04.00' />
  <meta name='ocr-capabilities' content='ocr_page ocr_carea ocr_par ocr_line ocrx_word'/>
</head>
<body>
  <div class='ocr_page' id='page_1' title='image "./speciesgeneraeto0203agar_0131.png"; bbox 0 0 1728 3110; ppageno 0'>
   <div class='ocr_carea' id='block_1_1' title="bbox 33 131 1553 186">
    <p class='ocr_par' dir='ltr' id='par_1_1' title="bbox 33 131 1553 186">
     <span class='ocr_line' id='line_1_1' title="bbox 33 131 1553 186; baseline 0.003 -12"><span class='ocrx_word' id='word_1_1' title='bbox 33 133 373 186; x_wconf 61' lang='lat' dir='ltr'>Aeawthophora.</span> <span class='ocrx_word' id='word_1_2' title='bbox 651 131 936 175; x_wconf 61' lang='lat' dir='ltr'>ernoinzrsffi.</span> <span class='ocrx_word' id='word_1_3' title='bbox 1465 138 1488 179; x_wconf 79' lang='lat'>8</span> <span class='ocrx_word' id='word_1_4' title='bbox 1497 138 1521 179; x_wconf 69' lang='lat'>2</span> <span class='ocrx_word' id='word_1_5' title='bbox 1537 139 1553 178; x_wconf 76' lang='lat'><strong>1</strong></span> 
     </span>
    </p>
   </div>
   <div class='ocr_carea' id='block_1_2' title="bbox 140 259 1558 635">
    <p class='ocr_par' dir='ltr' id='par_1_2' title="bbox 140 259 1558 635">
     <span class='ocr_line' id='line_1_2' title="bbox 143 259 1558 321; baseline 0.009 -25"><span class='ocrx_word' id='word_1_6' title='bbox 143 259 257 298; x_wconf 91' lang='lat' dir='ltr'>cibus</span> <span class='ocrx_word' id='word_1_7' title='bbox 289 260 444 307; x_wconf 86' lang='lat' dir='ltr'>obsitis,</span> <span class='ocrx_word' id='word_1_8' title='bbox 475 261 643 299; x_wconf 88' lang='lat' dir='ltr'>ramulis</span> <span class='ocrx_word' id='word_1_9' title='bbox 673 262 920 302; x_wconf 78' lang='lat' dir='ltr'>abbreviatis</span> <span class='ocrx_word' id='word_1_10' title='bbox 950 266 1036 303; x_wconf 84' lang='lat' dir='ltr'>basi</span> <span class='ocrx_word' id='word_1_11' title='bbox 1065 267 1315 307; x_wconf 84' lang='lat' dir='ltr'>nudiusculis</span> <span class='ocrx_word' id='word_1_12' title='bbox 1332 270 1449 321; x_wconf 87' lang='lat' dir='ltr'>apice</span> <span class='ocrx_word' id='word_1_13' title='bbox 1465 270 1558 309; x_wconf 90' lang='lat' dir='ltr'>sub-</span> 
     </span>
     <span class='ocr_line' id='line_1_3' title="bbox 144 326 1558 385; baseline 0.008 -22"><span class='ocrx_word' id='word_1_14' title='bbox 144 326 558 379; x_wconf 80' lang='lat' dir='ltr'>multitido-spinosis‚</span> <span class='ocrx_word' id='word_1_15' title='bbox 590 328 751 366; x_wconf 88' lang='lat' dir='ltr'>demum</span> <span class='ocrx_word' id='word_1_16' title='bbox 785 329 870 367; x_wconf 86' lang='lat' dir='ltr'>sere</span> <span class='ocrx_word' id='word_1_17' title='bbox 895 331 1151 382; x_wconf 70' lang='lat' dir='ltr'>thyrsoideis,</span> <span class='ocrx_word' id='word_1_18' title='bbox 1169 334 1558 385; x_wconf 87' lang='lat' dir='ltr'>spinisjuvenilibus</span> 
     </span>
     <span class='ocr_line' id='line_1_4' title="bbox 145 393 1557 453; baseline 0.008 -23"><span class='ocrx_word' id='word_1_19' title='bbox 145 393 273 432; x_wconf 85' lang='lat' dir='ltr'>acutis</span> <span class='ocrx_word' id='word_1_20' title='bbox 318 394 670 445; x_wconf 84' lang='lat' dir='ltr'>adultioribusque</span> <span class='ocrx_word' id='word_1_21' title='bbox 719 396 893 443; x_wconf 73' lang='lat' dir='ltr'>comicis,</span> <span class='ocrx_word' id='word_1_22' title='bbox 937 398 1135 437; x_wconf 78' lang='lat' dir='ltr'>stichidiis</span> <span class='ocrx_word' id='word_1_23' title='bbox 1180 401 1220 438; x_wconf 91' lang='lat' dir='ltr'>in</span> <span class='ocrx_word' id='word_1_24' title='bbox 1265 402 1381 453; x_wconf 87' lang='lat' dir='ltr'>apice</span> <span class='ocrx_word' id='word_1_25' title='bbox 1412 403 1557 441; x_wconf 87' lang='lat' dir='ltr'>ramuli</span> 
     </span>
     <span class='ocr_line' id='line_1_5' title="bbox 143 460 1557 520; baseline 0.007 -22"><span class='ocrx_word' id='word_1_26' title='bbox 143 460 480 512; x_wconf 84' lang='lat' dir='ltr'>hemisphaericis,</span> <span class='ocrx_word' id='word_1_27' title='bbox 511 461 617 499; x_wconf 84' lang='lat' dir='ltr'>infra</span> <span class='ocrx_word' id='word_1_28' title='bbox 648 461 824 500; x_wconf 86' lang='lat' dir='ltr'>fertilem</span> <span class='ocrx_word' id='word_1_29' title='bbox 857 468 1011 514; x_wconf 88' lang='lat' dir='ltr'>partem</span> <span class='ocrx_word' id='word_1_30' title='bbox 1042 465 1157 516; x_wconf 85' lang='lat' dir='ltr'>spina</span> <span class='ocrx_word' id='word_1_31' title='bbox 1189 480 1267 505; x_wconf 87' lang='lat' dir='ltr'>una</span> <span class='ocrx_word' id='word_1_32' title='bbox 1291 469 1557 520; x_wconf 86' lang='lat' dir='ltr'>autpluribus</span> 
     </span>
     <span class='ocr_line' id='line_1_6' title="bbox 140 527 1555 584; baseline 0.006 -18"><span class='ocrx_word' id='word_1_33' title='bbox 140 527 372 574; x_wconf 87' lang='lat' dir='ltr'>bracteatis,</span> <span class='ocrx_word' id='word_1_34' title='bbox 417 527 510 566; x_wconf 91' lang='lat' dir='ltr'>dein</span> <span class='ocrx_word' id='word_1_35' title='bbox 556 528 794 575; x_wconf 80' lang='lat' dir='ltr'>inermibus,</span> <span class='ocrx_word' id='word_1_36' title='bbox 825 531 1089 582; x_wconf 83' lang='lat' dir='ltr'>cystocarpiis</span> <span class='ocrx_word' id='word_1_37' title='bbox 1120 532 1227 570; x_wconf 84' lang='lat' dir='ltr'>circa</span> <span class='ocrx_word' id='word_1_38' title='bbox 1258 534 1393 584; x_wconf 83' lang='lat' dir='ltr'>apices</span> <span class='ocrx_word' id='word_1_39' title='bbox 1424 548 1555 573; x_wconf 88' lang='lat' dir='ltr'>ramu-</span> 
     </span>
     <span class='ocr_line' id='line_1_7' title="bbox 145 595 919 635; baseline 0.003 -2"><span class='ocrx_word' id='word_1_40' title='bbox 145 595 275 634; x_wconf 90' lang='lat' dir='ltr'>lorum</span> <span class='ocrx_word' id='word_1_41' title='bbox 309 595 518 635; x_wconf 88' lang='lat' dir='ltr'>sessilibus</span> <span class='ocrx_word' id='word_1_42' title='bbox 545 596 919 635; x_wconf 83' lang='lat' dir='ltr'>ovato-urceolatis.</span> 
     </span>
    </p>
   </div>
   <div class='ocr_carea' id='block_1_3' title="bbox 121 683 1197 727">
    <p class='ocr_par' dir='ltr' id='par_1_3' title="bbox 121 683 1197 727">
     <span class='ocr_line' id='line_1_8' title="bbox 121 683 1197 727; baseline 0.001 -9"><span class='ocrx_word' id='word_1_43' title='bbox 121 684 414 727; x_wconf 84' lang='lat' dir='ltr'>Acanthophora</span> <span class='ocrx_word' id='word_1_44' title='bbox 439 684 581 718; x_wconf 84' lang='lat' dir='ltr'>Thierii</span> <span class='ocrx_word' id='word_1_45' title='bbox 608 683 720 718; x_wconf 76' lang='lat' dir='ltr'>Sond.</span> <span class='ocrx_word' id='word_1_46' title='bbox 742 683 796 727; x_wconf 70' lang='lat' dir='ltr'>pl.</span> <span class='ocrx_word' id='word_1_47' title='bbox 827 683 918 718; x_wconf 81' lang='grc' dir='ltr'><strong><em>ΖοΠ.</em></strong></span> <span class='ocrx_word' id='word_1_48' title='bbox 945 683 1024 718; x_wconf 77' lang='lat' dir='ltr'>sub.</span> <span class='ocrx_word' id='word_1_49' title='bbox 1052 695 1110 719; x_wconf 70' lang='lat' dir='ltr'>wo</span> <span class='ocrx_word' id='word_1_50' title='bbox 1136 688 1197 720; x_wconf 70' lang='lat'>25?</span> 
     </span>
    </p>
   </div>
   <div class='ocr_carea' id='block_1_4' title="bbox 30 765 1553 885">
    <p class='ocr_par' dir='ltr' id='par_1_4' title="bbox 30 765 1553 885">
     <span class='ocr_line' id='line_1_9' title="bbox 140 765 1553 818; baseline 0.004 -14"><span class='ocrx_word' id='word_1_51' title='bbox 140 766 240 805; x_wconf 85' lang='lat' dir='ltr'>Hab.</span> <span class='ocrx_word' id='word_1_52' title='bbox 283 766 325 804; x_wconf 91' lang='lat' dir='ltr'>in</span> <span class='ocrx_word' id='word_1_53' title='bbox 370 777 526 805; x_wconf 85' lang='lat' dir='ltr'>oceano</span> <span class='ocrx_word' id='word_1_54' title='bbox 572 765 744 818; x_wconf 85' lang='lat' dir='ltr'>pacifico</span> <span class='ocrx_word' id='word_1_55' title='bbox 792 766 1195 805; x_wconf 79' lang='lat' dir='ltr'>austro-occidentali</span> <span class='ocrx_word' id='word_1_56' title='bbox 1245 767 1294 806; x_wconf 84' lang='lat' dir='ltr'>ad</span> <span class='ocrx_word' id='word_1_57' title='bbox 1346 768 1553 809; x_wconf 83' lang='lat' dir='ltr'>Manillam</span> 
     </span>
     <span class='ocr_line' id='line_1_10' title="bbox 30 832 1154 885; baseline 0.001 -15"><span class='ocrx_word' id='word_1_58' title='bbox 30 832 124 882; x_wconf 90' lang='lat' dir='ltr'>(Hb.</span> <span class='ocrx_word' id='word_1_59' title='bbox 156 833 347 879; x_wconf 79' lang='lat' dir='ltr'>Binder!)</span> <span class='ocrx_word' id='word_1_60' title='bbox 379 837 420 871; x_wconf 84' lang='lat' dir='ltr'>ct</span> <span class='ocrx_word' id='word_1_61' title='bbox 449 833 602 871; x_wconf 87' lang='lat' dir='ltr'>insulas</span> <span class='ocrx_word' id='word_1_62' title='bbox 632 832 835 871; x_wconf 84' lang='lat' dir='ltr'>Marianas</span> <span class='ocrx_word' id='word_1_63' title='bbox 867 833 1154 885; x_wconf 66' lang='lat' dir='ltr'>(Freycinetl).</span> 
     </span>
    </p>
   </div>
   <div class='ocr_carea' id='block_1_5' title="bbox 26 922 1556 1550">
    <p class='ocr_par' dir='ltr' id='par_1_5' title="bbox 26 922 1556 1319">
     <span class='ocr_line' id='line_1_11' title="bbox 122 922 1554 962; baseline 0.002 -8"><span class='ocrx_word' id='word_1_64' title='bbox 122 922 188 955; x_wconf 81' lang='lat' dir='ltr'>Ae.</span> <span class='ocrx_word' id='word_1_65' title='bbox 216 922 357 955; x_wconf 88' lang='lat' dir='ltr'>Thierii</span> <span class='ocrx_word' id='word_1_66' title='bbox 385 922 621 955; x_wconf 86' lang='lat' dir='ltr'>tenuioribus</span> <span class='ocrx_word' id='word_1_67' title='bbox 649 923 780 955; x_wconf 86' lang='lat' dir='ltr'>formis</span> <span class='ocrx_word' id='word_1_68' title='bbox 806 923 858 954; x_wconf 77' lang='lat' dir='ltr'>ita</span> <span class='ocrx_word' id='word_1_69' title='bbox 887 923 1029 962; x_wconf 73' lang='lat' dir='ltr'>similis,</span> <span class='ocrx_word' id='word_1_70' title='bbox 1061 926 1099 955; x_wconf 87' lang='lat' dir='ltr'>ut</span> <span class='ocrx_word' id='word_1_71' title='bbox 1126 934 1200 956; x_wconf 89' lang='lat' dir='ltr'>non</span> <span class='ocrx_word' id='word_1_72' title='bbox 1229 925 1299 957; x_wconf 87' lang='lat' dir='ltr'>nisi</span> <span class='ocrx_word' id='word_1_73' title='bbox 1326 925 1443 957; x_wconf 79' lang='lat' dir='ltr'>inulta</span> <span class='ocrx_word' id='word_1_74' title='bbox 1473 936 1554 957; x_wconf 78' lang='lat' dir='ltr'>eum</span> 
     </span>
     <span class='ocr_line' id='line_1_12' title="bbox 30 978 1556 1025; baseline 0.003 -14"><span class='ocrx_word' id='word_1_75' title='bbox 30 978 261 1013; x_wconf 71' lang='lat' dir='ltr'>lizesitationc</span> <span class='ocrx_word' id='word_1_76' title='bbox 289 990 423 1013; x_wconf 82' lang='lat' dir='ltr'>novam</span> <span class='ocrx_word' id='word_1_77' title='bbox 449 981 609 1024; x_wconf 86' lang='lat' dir='ltr'>speciem</span> <span class='ocrx_word' id='word_1_78' title='bbox 635 990 856 1023; x_wconf 83' lang='lat' dir='ltr'>proponam.</span> <span class='ocrx_word' id='word_1_79' title='bbox 906 981 972 1013; x_wconf 82' lang='lat' dir='ltr'>Ac.</span> <span class='ocrx_word' id='word_1_80' title='bbox 1000 981 1139 1014; x_wconf 87' lang='lat' dir='ltr'>Thierii</span> <span class='ocrx_word' id='word_1_81' title='bbox 1168 983 1354 1025; x_wconf 77' lang='lat' dir='ltr'>gracilior,</span> <span class='ocrx_word' id='word_1_82' title='bbox 1375 983 1556 1016; x_wconf 84' lang='lat' dir='ltr'>breviori-</span> 
     </span>
     <span class='ocr_line' id='line_1_13' title="bbox 28 1039 1555 1083; baseline 0.002 -12"><span class='ocrx_word' id='word_1_83' title='bbox 28 1039 96 1071; x_wconf 87' lang='lat' dir='ltr'>bus</span> <span class='ocrx_word' id='word_1_84' title='bbox 135 1040 251 1082; x_wconf 87' lang='lat' dir='ltr'>spinis</span> <span class='ocrx_word' id='word_1_85' title='bbox 289 1040 451 1083; x_wconf 77' lang='lat' dir='ltr'>ideoque</span> <span class='ocrx_word' id='word_1_86' title='bbox 491 1040 737 1072; x_wconf 80' lang='lat' dir='ltr'>crassioribus</span> <span class='ocrx_word' id='word_1_87' title='bbox 776 1041 972 1081; x_wconf 83' lang='lat' dir='ltr'>instructa,</span> <span class='ocrx_word' id='word_1_88' title='bbox 1014 1043 1135 1073; x_wconf 84' lang='lat' dir='ltr'>tamen</span> <span class='ocrx_word' id='word_1_89' title='bbox 1174 1043 1237 1074; x_wconf 77' lang='lat' dir='ltr'>vix</span> <span class='ocrx_word' id='word_1_90' title='bbox 1276 1043 1347 1074; x_wconf 87' lang='lat' dir='ltr'>nisi</span> <span class='ocrx_word' id='word_1_91' title='bbox 1375 1041 1555 1075; x_wconf 56' lang='lat' dir='ltr'>stit-indiis</span> 
     </span>
     <span class='ocr_line' id='line_1_14' title="bbox 29 1098 1556 1145; baseline 0.003 -16"><span class='ocrx_word' id='word_1_92' title='bbox 29 1107 160 1130; x_wconf 73' lang='lat' dir='ltr'>revera</span> <span class='ocrx_word' id='word_1_93' title='bbox 187 1098 346 1131; x_wconf 80' lang='lat' dir='ltr'>diversa.</span> <span class='ocrx_word' id='word_1_94' title='bbox 396 1098 480 1131; x_wconf 56' lang='grc' dir='ltr'>ΗΜ</span> <span class='ocrx_word' id='word_1_95' title='bbox 515 1109 535 1131; x_wconf 85' lang='lat' dir='ltr'>a</span> <span class='ocrx_word' id='word_1_96' title='bbox 561 1099 707 1132; x_wconf 85' lang='lat' dir='ltr'>ramulo</span> <span class='ocrx_word' id='word_1_97' title='bbox 734 1099 886 1142; x_wconf 83' lang='lat' dir='ltr'>quidem</span> <span class='ocrx_word' id='word_1_98' title='bbox 914 1100 1186 1141; x_wconf 79' lang='lat' dir='ltr'>transformata,</span> <span class='ocrx_word' id='word_1_99' title='bbox 1213 1105 1250 1133; x_wconf 84' lang='lat' dir='ltr'>at.</span> <span class='ocrx_word' id='word_1_100' title='bbox 1279 1112 1451 1145; x_wconf 74' lang='lat' dir='ltr'>suprema</span> <span class='ocrx_word' id='word_1_101' title='bbox 1478 1105 1556 1134; x_wconf 82' lang='lat' dir='ltr'>tan-</span> 
     </span>
     <span class='ocr_line' id='line_1_15' title="bbox 30 1158 1555 1203; baseline 0.003 -14"><span class='ocrx_word' id='word_1_102' title='bbox 30 1160 105 1190; x_wconf 89' lang='lat' dir='ltr'>tum</span> <span class='ocrx_word' id='word_1_103' title='bbox 134 1160 238 1201; x_wconf 81' lang='lat' dir='ltr'>parte</span> <span class='ocrx_word' id='word_1_104' title='bbox 266 1158 398 1202; x_wconf 55' lang='lat' dir='ltr'>sertilig</span> <span class='ocrx_word' id='word_1_105' title='bbox 426 1160 531 1202; x_wconf 85' lang='lat' dir='ltr'>spina</span> <span class='ocrx_word' id='word_1_106' title='bbox 558 1170 656 1192; x_wconf 87' lang='lat' dir='ltr'>nunc</span> <span class='ocrx_word' id='word_1_107' title='bbox 684 1159 839 1202; x_wconf 71' lang='lat' dir='ltr'>singula,</span> <span class='ocrx_word' id='word_1_108' title='bbox 867 1171 964 1192; x_wconf 87' lang='lat' dir='ltr'>nunc</span> <span class='ocrx_word' id='word_1_109' title='bbox 991 1160 1117 1203; x_wconf 82' lang='lat' dir='ltr'>plures</span> <span class='ocrx_word' id='word_1_110' title='bbox 1145 1161 1211 1194; x_wconf 85' lang='lat' dir='ltr'>sub</span> <span class='ocrx_word' id='word_1_111' title='bbox 1238 1162 1351 1194; x_wconf 84' lang='lat' dir='ltr'>fertili</span> <span class='ocrx_word' id='word_1_112' title='bbox 1379 1165 1414 1194; x_wconf 86' lang='lat' dir='ltr'>et</span> <span class='ocrx_word' id='word_1_113' title='bbox 1440 1161 1555 1194; x_wconf 86' lang='lat' dir='ltr'>hemi-</span> 
     </span>
     <span class='ocr_line' id='line_1_16' title="bbox 26 1212 1556 1263; baseline 0.002 -14"><span class='ocrx_word' id='word_1_114' title='bbox 26 1212 208 1259; x_wconf 59' lang='lat' dir='ltr'>&#39;sphaerico</span> <span class='ocrx_word' id='word_1_115' title='bbox 234 1218 337 1260; x_wconf 80' lang='lat' dir='ltr'>apice</span> <span class='ocrx_word' id='word_1_116' title='bbox 365 1217 502 1250; x_wconf 83' lang='lat' dir='ltr'>ramuli</span> <span class='ocrx_word' id='word_1_117' title='bbox 529 1218 670 1261; x_wconf 59' lang='lat' dir='ltr'>positae,</span> <span class='ocrx_word' id='word_1_118' title='bbox 697 1219 801 1261; x_wconf 79' lang='lat' dir='ltr'>quasi</span> <span class='ocrx_word' id='word_1_119' title='bbox 829 1217 988 1250; x_wconf 57' lang='lat' dir='ltr'>bracteae</span> <span class='ocrx_word' id='word_1_120' title='bbox 1015 1220 1259 1263; x_wconf 69' lang='lat' dir='ltr'>sustinentes·7</span> <span class='ocrx_word' id='word_1_121' title='bbox 1277 1230 1359 1262; x_wconf 77' lang='lat' dir='ltr'>pars</span> <span class='ocrx_word' id='word_1_122' title='bbox 1384 1221 1556 1262; x_wconf 75' lang='lat' dir='ltr'>superior</span> 
     </span>
     <span class='ocr_line' id='line_1_17' title="bbox 27 1274 996 1319; baseline 0.002 -12"><span class='ocrx_word' id='word_1_123' title='bbox 27 1275 160 1307; x_wconf 82' lang='lat' dir='ltr'>fertilis</span> <span class='ocrx_word' id='word_1_124' title='bbox 188 1278 243 1307; x_wconf 90' lang='lat' dir='ltr'>est</span> <span class='ocrx_word' id='word_1_125' title='bbox 269 1274 551 1319; x_wconf 75' lang='lat' dir='ltr'>hemisphaerica</span> <span class='ocrx_word' id='word_1_126' title='bbox 576 1275 691 1308; x_wconf 87' lang='lat' dir='ltr'>nullis</span> <span class='ocrx_word' id='word_1_127' title='bbox 719 1277 835 1319; x_wconf 81' lang='lat' dir='ltr'>spinis</span> <span class='ocrx_word' id='word_1_128' title='bbox 863 1276 996 1309; x_wconf 78' lang='lat' dir='ltr'>obsita.</span> 
     </span>
    </p>

    <p class='ocr_par' dir='ltr' id='par_1_6' title="bbox 27 1333 1554 1550">
     <span class='ocr_line' id='line_1_18' title="bbox 119 1333 1554 1378; baseline 0.002 -14"><span class='ocrx_word' id='word_1_129' title='bbox 119 1333 348 1365; x_wconf 81' lang='lat' dir='ltr'>Varietatcm</span> <span class='ocrx_word' id='word_1_130' title='bbox 374 1334 412 1366; x_wconf 91' lang='lat' dir='ltr'>F.</span> <span class='ocrx_word' id='word_1_131' title='bbox 440 1333 719 1376; x_wconf 64' lang='lat' dir='ltr'>acanthophori,</span> <span class='ocrx_word' id='word_1_132' title='bbox 747 1344 858 1376; x_wconf 77' lang='lat' dir='ltr'>quani</span> <span class='ocrx_word' id='word_1_133' title='bbox 885 1345 906 1366; x_wconf 55' lang='lat' dir='ltr'>a,</span> <span class='ocrx_word' id='word_1_134' title='bbox 932 1333 1141 1366; x_wconf 77' lang='lat' dir='ltr'>Cavanilles</span> <span class='ocrx_word' id='word_1_135' title='bbox 1170 1337 1355 1377; x_wconf 76' lang='lat' dir='ltr'>acceptam</span> <span class='ocrx_word' id='word_1_136' title='bbox 1385 1335 1554 1378; x_wconf 79' lang='lat' dir='ltr'>depinxit</span> 
     </span>
     <span class='ocr_line' id='line_1_19' title="bbox 27 1388 1553 1434; baseline 0.003 -13"><span class='ocrx_word' id='word_1_137' title='bbox 27 1388 143 1422; x_wconf 72' lang='lat' dir='ltr'>Turn.</span> <span class='ocrx_word' id='word_1_138' title='bbox 182 1389 254 1423; x_wconf 74' lang='lat' dir='ltr'>tab.</span> <span class='ocrx_word' id='word_1_139' title='bbox 292 1392 347 1425; x_wconf 83' lang='lat'>32.</span> <span class='ocrx_word' id='word_1_140' title='bbox 375 1389 441 1434; x_wconf 77' lang='lat' dir='ltr'>fiq.</span> <span class='ocrx_word' id='word_1_141' title='bbox 482 1399 498 1423; x_wconf 79' lang='lat' dir='ltr'>e</span> <span class='ocrx_word' id='word_1_142' title='bbox 536 1393 569 1425; x_wconf 77' lang='lat' dir='ltr'>et</span> <span class='ocrx_word' id='word_1_143' title='bbox 594 1389 629 1433; x_wconf 75' lang='lat' dir='ltr'>f,</span> <span class='ocrx_word' id='word_1_144' title='bbox 661 1393 699 1424; x_wconf 92' lang='lat' dir='ltr'>in</span> <span class='ocrx_word' id='word_1_145' title='bbox 726 1394 891 1424; x_wconf 80' lang='lat' dir='ltr'>nostram</span> <span class='ocrx_word' id='word_1_146' title='bbox 919 1393 970 1424; x_wconf 77' lang='lat' dir='ltr'>ita</span> <span class='ocrx_word' id='word_1_147' title='bbox 996 1393 1103 1433; x_wconf 71' lang='lat' dir='ltr'>cadit,</span> <span class='ocrx_word' id='word_1_148' title='bbox 1130 1396 1169 1425; x_wconf 85' lang='lat' dir='ltr'>ut</span> <span class='ocrx_word' id='word_1_149' title='bbox 1198 1393 1243 1425; x_wconf 85' lang='lat' dir='ltr'>de</span> <span class='ocrx_word' id='word_1_150' title='bbox 1270 1393 1464 1426; x_wconf 84' lang='lat' dir='ltr'>identitate</span> <span class='ocrx_word' id='word_1_151' title='bbox 1492 1395 1553 1426; x_wconf 81' lang='lat' dir='ltr'>vix</span> 
     </span>
     <span class='ocr_line' id='line_1_20' title="bbox 27 1447 1554 1494; baseline 0.003 -14"><span class='ocrx_word' id='word_1_152' title='bbox 27 1448 251 1482; x_wconf 79' lang='lat' dir='ltr'>dubitarem.</span> <span class='ocrx_word' id='word_1_153' title='bbox 301 1450 368 1482; x_wconf 80' lang='lat' dir='ltr'>Ae.</span> <span class='ocrx_word' id='word_1_154' title='bbox 407 1449 549 1483; x_wconf 88' lang='lat' dir='ltr'>Thierii</span> <span class='ocrx_word' id='word_1_155' title='bbox 588 1447 708 1483; x_wconf 69' lang='lat' dir='ltr'>Harc.</span> <span class='ocrx_word' id='word_1_156' title='bbox 746 1447 913 1482; x_wconf 71' lang='lat' dir='ltr'>Frsendl.</span> <span class='ocrx_word' id='word_1_157' title='bbox 941 1448 1008 1482; x_wconf 71' lang='lat' dir='ltr'>Isl.</span> <span class='ocrx_word' id='word_1_158' title='bbox 1048 1459 1105 1483; x_wconf 64' lang='lat' dir='ltr'>ouo</span> <span class='ocrx_word' id='word_1_159' title='bbox 1134 1450 1176 1482; x_wconf 88' lang='lat'>10</span> <span class='ocrx_word' id='word_1_160' title='bbox 1201 1461 1245 1483; x_wconf 79' lang='lat' dir='ltr'>an</span> <span class='ocrx_word' id='word_1_161' title='bbox 1272 1450 1344 1483; x_wconf 80' lang='lat' dir='ltr'>huc</span> <span class='ocrx_word' id='word_1_162' title='bbox 1372 1453 1554 1494; x_wconf 72' lang='lat' dir='ltr'>pertineat</span> 
     </span>
     <span class='ocr_line' id='line_1_21' title="bbox 27 1507 969 1550; baseline 0.003 -13"><span class='ocrx_word' id='word_1_163' title='bbox 27 1515 72 1537; x_wconf 87' lang='lat' dir='ltr'>ex</span> <span class='ocrx_word' id='word_1_164' title='bbox 100 1508 301 1550; x_wconf 84' lang='lat' dir='ltr'>specimine</span> <span class='ocrx_word' id='word_1_165' title='bbox 330 1507 448 1540; x_wconf 84' lang='lat' dir='ltr'>sterili</span> <span class='ocrx_word' id='word_1_166' title='bbox 474 1507 565 1541; x_wconf 87' lang='lat' dir='ltr'>mihi</span> <span class='ocrx_word' id='word_1_167' title='bbox 592 1519 666 1541; x_wconf 91' lang='lat' dir='ltr'>non</span> <span class='ocrx_word' id='word_1_168' title='bbox 693 1508 799 1541; x_wconf 78' lang='lat' dir='ltr'>licuit</span> <span class='ocrx_word' id='word_1_169' title='bbox 827 1519 969 1541; x_wconf 87' lang='lat' dir='ltr'>eruere.</span> 
     </span>
    </p>
   </div>
   <div class='ocr_carea' id='block_1_6' title="bbox 26 1655 1553 2043">
    <p class='ocr_par' dir='ltr' id='par_1_7' title="bbox 26 1655 1553 2043">
     <span class='ocr_line' id='line_1_22' title="bbox 26 1655 1553 1710; baseline 0.003 -16"><span class='ocrx_word' id='word_1_170' title='bbox 26 1655 62 1694; x_wconf 89' lang='grc'>6.</span> <span class='ocrx_word' id='word_1_171' title='bbox 97 1656 167 1695; x_wconf 85' lang='lat' dir='ltr'>Ac.</span> <span class='ocrx_word' id='word_1_172' title='bbox 212 1657 399 1696; x_wconf 82' lang='lat' dir='ltr'>WIGHTII</span> <span class='ocrx_word' id='word_1_173' title='bbox 442 1658 494 1707; x_wconf 83' lang='lat' dir='ltr'>(J.</span> <span class='ocrx_word' id='word_1_174' title='bbox 539 1658 613 1707; x_wconf 69' lang='lat' dir='ltr'>Ay.</span> <span class='ocrx_word' id='word_1_175' title='bbox 653 1662 778 1709; x_wconf 69' lang='lat' dir='ltr'>mser.)</span> <span class='ocrx_word' id='word_1_176' title='bbox 811 1659 1049 1698; x_wconf 85' lang='lat' dir='ltr'>fruticulosa</span> <span class='ocrx_word' id='word_1_177' title='bbox 1079 1660 1201 1697; x_wconf 82' lang='lat' dir='ltr'>ramis</span> <span class='ocrx_word' id='word_1_178' title='bbox 1232 1660 1428 1710; x_wconf 80' lang='lat' dir='ltr'>cauleque</span> <span class='ocrx_word' id='word_1_179' title='bbox 1459 1673 1553 1700; x_wconf 84' lang='lat' dir='ltr'>eon-</span> 
     </span>
     <span class='ocr_line' id='line_1_23' title="bbox 136 1723 1553 1778; baseline 0.002 -18"><span class='ocrx_word' id='word_1_180' title='bbox 136 1723 333 1762; x_wconf 87' lang='lat' dir='ltr'>formibus</span> <span class='ocrx_word' id='word_1_181' title='bbox 370 1725 496 1763; x_wconf 88' lang='lat' dir='ltr'>dense</span> <span class='ocrx_word' id='word_1_182' title='bbox 527 1730 567 1764; x_wconf 87' lang='lat' dir='ltr'>et</span> <span class='ocrx_word' id='word_1_183' title='bbox 596 1726 795 1777; x_wconf 89' lang='lat' dir='ltr'>pinnatim</span> <span class='ocrx_word' id='word_1_184' title='bbox 827 1726 1056 1772; x_wconf 78' lang='lat' dir='ltr'>ramulosis,</span> <span class='ocrx_word' id='word_1_185' title='bbox 1088 1725 1214 1777; x_wconf 82' lang='lat' dir='ltr'>spinis</span> <span class='ocrx_word' id='word_1_186' title='bbox 1246 1726 1367 1763; x_wconf 89' lang='lat' dir='ltr'>nullis</span> <span class='ocrx_word' id='word_1_187' title='bbox 1399 1726 1553 1778; x_wconf 82' lang='lat' dir='ltr'>simpli-</span> 
     </span>
     <span class='ocr_line' id='line_1_24' title="bbox 136 1791 1552 1844; baseline 0.001 -16"><span class='ocrx_word' id='word_1_188' title='bbox 136 1791 249 1829; x_wconf 87' lang='lat' dir='ltr'>cibus</span> <span class='ocrx_word' id='word_1_189' title='bbox 280 1791 436 1838; x_wconf 87' lang='lat' dir='ltr'>obsitis,</span> <span class='ocrx_word' id='word_1_190' title='bbox 466 1792 633 1830; x_wconf 88' lang='lat' dir='ltr'>ramulis</span> <span class='ocrx_word' id='word_1_191' title='bbox 664 1792 912 1831; x_wconf 72' lang='lat' dir='ltr'>abbreviatis</span> <span class='ocrx_word' id='word_1_192' title='bbox 943 1792 1119 1844; x_wconf 84' lang='lat' dir='ltr'>spinosis</span> <span class='ocrx_word' id='word_1_193' title='bbox 1151 1792 1312 1829; x_wconf 81' lang='lat' dir='ltr'>demum</span> <span class='ocrx_word' id='word_1_194' title='bbox 1345 1792 1429 1829; x_wconf 85' lang='lat' dir='ltr'>fere</span> <span class='ocrx_word' id='word_1_195' title='bbox 1446 1793 1552 1843; x_wconf 65' lang='lat' dir='ltr'>thyr-</span> 
     </span>
     <span class='ocr_line' id='line_1_25' title="bbox 136 1858 1553 1910; baseline 0.001 -17"><span class='ocrx_word' id='word_1_196' title='bbox 136 1858 300 1904; x_wconf 86' lang='lat' dir='ltr'>soideis,</span> <span class='ocrx_word' id='word_1_197' title='bbox 346 1858 473 1910; x_wconf 86' lang='lat' dir='ltr'>spinis</span> <span class='ocrx_word' id='word_1_198' title='bbox 510 1859 758 1897; x_wconf 83' lang='lat' dir='ltr'>ramulorum</span> <span class='ocrx_word' id='word_1_199' title='bbox 791 1858 1060 1897; x_wconf 79' lang='lat' dir='ltr'>adultioribus</span> <span class='ocrx_word' id='word_1_200' title='bbox 1092 1858 1411 1897; x_wconf 74' lang='lat' dir='ltr'>horizontalibus</span> <span class='ocrx_word' id='word_1_201' title='bbox 1443 1859 1553 1897; x_wconf 87' lang='lat' dir='ltr'>coni-</span> 
     </span>
     <span class='ocr_line' id='line_1_26' title="bbox 135 1924 1551 1976; baseline 0 -15"><span class='ocrx_word' id='word_1_202' title='bbox 135 1924 207 1970; x_wconf 57' lang='lat' dir='ltr'>eia,</span> <span class='ocrx_word' id='word_1_203' title='bbox 253 1924 453 1964; x_wconf 88' lang='lat' dir='ltr'>stichidiis</span> <span class='ocrx_word' id='word_1_204' title='bbox 497 1925 538 1963; x_wconf 90' lang='lat' dir='ltr'>in</span> <span class='ocrx_word' id='word_1_205' title='bbox 578 1925 735 1964; x_wconf 84' lang='lat' dir='ltr'>ramulo</span> <span class='ocrx_word' id='word_1_206' title='bbox 768 1925 893 1963; x_wconf 82' lang='lat' dir='ltr'>dense</span> <span class='ocrx_word' id='word_1_207' title='bbox 925 1925 1089 1976; x_wconf 77' lang='lat' dir='ltr'>spicat-is</span> <span class='ocrx_word' id='word_1_208' title='bbox 1121 1925 1331 1963; x_wconf 87' lang='lat' dir='ltr'>sessilibus</span> <span class='ocrx_word' id='word_1_209' title='bbox 1364 1925 1551 1975; x_wconf 76' lang='lat' dir='ltr'>oblongis</span> 
     </span>
     <span class='ocr_line' id='line_1_27' title="bbox 136 1990 1304 2043; baseline 0 -15"><span class='ocrx_word' id='word_1_210' title='bbox 136 1990 231 2029; x_wconf 87' lang='lat' dir='ltr'>totis</span> <span class='ocrx_word' id='word_1_211' title='bbox 262 1991 487 2030; x_wconf 87' lang='lat' dir='ltr'>inermibus</span> <span class='ocrx_word' id='word_1_212' title='bbox 518 1995 587 2029; x_wconf 87' lang='lat' dir='ltr'>aut</span> <span class='ocrx_word' id='word_1_213' title='bbox 617 1991 733 2043; x_wconf 84' lang='lat' dir='ltr'>spina</span> <span class='ocrx_word' id='word_1_214' title='bbox 764 2005 843 2030; x_wconf 80' lang='lat' dir='ltr'>una</span> <span class='ocrx_word' id='word_1_215' title='bbox 874 1992 939 2029; x_wconf 88' lang='lat' dir='ltr'>vel</span> <span class='ocrx_word' id='word_1_216' title='bbox 970 1992 1097 2029; x_wconf 76' lang='lat' dir='ltr'>altera</span> <span class='ocrx_word' id='word_1_217' title='bbox 1127 1993 1304 2029; x_wconf 83' lang='lat' dir='ltr'>armatis.</span> 
     </span>
    </p>
   </div>
   <div class='ocr_carea' id='block_1_7' title="bbox 116 2078 1096 2200">
    <p class='ocr_par' dir='ltr' id='par_1_8' title="bbox 116 2078 1096 2200">
     <span class='ocr_line' id='line_1_28' title="bbox 116 2078 1026 2124; baseline -0.001 -11"><span class='ocrx_word' id='word_1_218' title='bbox 116 2080 181 2113; x_wconf 80' lang='lat' dir='ltr'>Ac.</span> <span class='ocrx_word' id='word_1_219' title='bbox 208 2080 349 2113; x_wconf 80' lang='lat' dir='ltr'>Thierii</span> <span class='ocrx_word' id='word_1_220' title='bbox 375 2078 495 2113; x_wconf 48' lang='lat' dir='ltr'>Har-v.</span> <span class='ocrx_word' id='word_1_221' title='bbox 523 2079 605 2124; x_wconf 65' lang='lat' dir='ltr'>Alq.</span> <span class='ocrx_word' id='word_1_222' title='bbox 633 2080 742 2114; x_wconf 39' lang='lat' dir='ltr'>eoes&#39;ic.</span> <span class='ocrx_word' id='word_1_223' title='bbox 772 2079 868 2123; x_wconf 60' lang='lat' dir='ltr'>(fem.</span> <span class='ocrx_word' id='word_1_224' title='bbox 894 2090 954 2113; x_wconf 68' lang='lat' dir='ltr'>wo</span> <span class='ocrx_word' id='word_1_225' title='bbox 981 2081 1026 2114; x_wconf 63' lang='lat'>95&gt;</span> 
     </span>
     <span class='ocr_line' id='line_1_29' title="bbox 132 2149 1096 2200; baseline -0.001 -13"><span class='ocrx_word' id='word_1_226' title='bbox 132 2149 235 2188; x_wconf 90' lang='lat' dir='ltr'>Hab.</span> <span class='ocrx_word' id='word_1_227' title='bbox 272 2150 322 2188; x_wconf 87' lang='lat' dir='ltr'>ad</span> <span class='ocrx_word' id='word_1_228' title='bbox 354 2163 444 2189; x_wconf 89' lang='lat' dir='ltr'>oras</span> <span class='ocrx_word' id='word_1_229' title='bbox 473 2150 602 2189; x_wconf 79' lang='lat' dir='ltr'>Indiae</span> <span class='ocrx_word' id='word_1_230' title='bbox 634 2149 844 2189; x_wconf 83' lang='lat' dir='ltr'>orientalis</span> <span class='ocrx_word' id='word_1_231' title='bbox 878 2149 1096 2200; x_wconf 73' lang='lat' dir='ltr'>(Wightl).</span> 
     </span>
    </p>
   </div>
   <div class='ocr_carea' id='block_1_8' title="bbox 24 2222 1548 2847">
    <p class='ocr_par' dir='ltr' id='par_1_9' title="bbox 24 2222 1548 2847">
     <span class='ocr_line' id='line_1_30' title="bbox 118 2222 1548 2269; baseline -0.006 -9"><span class='ocrx_word' id='word_1_232' title='bbox 118 2227 185 2261; x_wconf 87' lang='lat' dir='ltr'>Ac.</span> <span class='ocrx_word' id='word_1_233' title='bbox 213 2228 385 2261; x_wconf 84' lang='lat' dir='ltr'>orientali</span> <span class='ocrx_word' id='word_1_234' title='bbox 411 2231 550 2261; x_wconf 77' lang='lat' dir='ltr'>nostrae</span> <span class='ocrx_word' id='word_1_235' title='bbox 578 2229 614 2260; x_wconf 83' lang='lat' dir='ltr'>et</span> <span class='ocrx_word' id='word_1_236' title='bbox 639 2228 706 2260; x_wconf 82' lang='lat' dir='ltr'>Ac.</span> <span class='ocrx_word' id='word_1_237' title='bbox 733 2227 933 2260; x_wconf 81' lang='lat' dir='ltr'>dendroidi</span> <span class='ocrx_word' id='word_1_238' title='bbox 959 2228 1119 2269; x_wconf 79' lang='lat' dir='ltr'>Harvey.</span> <span class='ocrx_word' id='word_1_239' title='bbox 1151 2227 1323 2269; x_wconf 79' lang='lat' dir='ltr'>proxima</span> <span class='ocrx_word' id='word_1_240' title='bbox 1380 2224 1482 2257; x_wconf 85' lang='lat' dir='ltr'>Rami</span> <span class='ocrx_word' id='word_1_241' title='bbox 1513 2222 1548 2252; x_wconf 89' lang='lat' dir='ltr'>in</span> 
     </span>
     <span class='ocr_line' id='line_1_31' title="bbox 26 2285 1547 2330; baseline -0.004 -13"><span class='ocrx_word' id='word_1_242' title='bbox 26 2285 200 2319; x_wconf 80' lang='lat' dir='ltr'>inferiore</span> <span class='ocrx_word' id='word_1_243' title='bbox 240 2290 345 2330; x_wconf 84' lang='lat' dir='ltr'>parte</span> <span class='ocrx_word' id='word_1_244' title='bbox 384 2290 472 2319; x_wconf 87' lang='lat' dir='ltr'>sunt</span> <span class='ocrx_word' id='word_1_245' title='bbox 503 2289 676 2327; x_wconf 78' lang='lat' dir='ltr'>inermes,</span> <span class='ocrx_word' id='word_1_246' title='bbox 702 2288 739 2319; x_wconf 91' lang='lat' dir='ltr'>in</span> <span class='ocrx_word' id='word_1_247' title='bbox 768 2288 959 2330; x_wconf 76' lang='lat' dir='ltr'>superiore</span> <span class='ocrx_word' id='word_1_248' title='bbox 989 2297 1060 2318; x_wconf 88' lang='lat' dir='ltr'>una</span> <span class='ocrx_word' id='word_1_249' title='bbox 1086 2285 1144 2317; x_wconf 83' lang='lat' dir='ltr'>vel</span> <span class='ocrx_word' id='word_1_250' title='bbox 1170 2285 1287 2316; x_wconf 82' lang='lat' dir='ltr'>altera</span> <span class='ocrx_word' id='word_1_251' title='bbox 1314 2285 1418 2326; x_wconf 81' lang='lat' dir='ltr'>spina</span> <span class='ocrx_word' id='word_1_252' title='bbox 1446 2290 1547 2323; x_wconf 82' lang='lat' dir='ltr'>spar-</span> 
     </span>
     <span class='ocr_line' id='line_1_32' title="bbox 28 2337 1547 2388; baseline -0.005 -13"><span class='ocrx_word' id='word_1_253' title='bbox 28 2345 171 2377; x_wconf 88' lang='lat' dir='ltr'>sissime</span> <span class='ocrx_word' id='word_1_254' title='bbox 198 2346 342 2382; x_wconf 82' lang='lat' dir='ltr'>armati,</span> <span class='ocrx_word' id='word_1_255' title='bbox 368 2344 524 2377; x_wconf 85' lang='lat' dir='ltr'>ramulis</span> <span class='ocrx_word' id='word_1_256' title='bbox 551 2354 860 2388; x_wconf 81' lang='lat' dir='ltr'>quoquoversum</span> <span class='ocrx_word' id='word_1_257' title='bbox 888 2342 1168 2385; x_wconf 77' lang='lat' dir='ltr'>egredientibus</span> <span class='ocrx_word' id='word_1_258' title='bbox 1183 2342 1353 2384; x_wconf 75' lang='lat' dir='ltr'>spinosis,</span> <span class='ocrx_word' id='word_1_259' title='bbox 1375 2337 1547 2372; x_wconf 79' lang='lat' dir='ltr'>omnibus</span> 
     </span>
     <span class='ocr_line' id='line_1_33' title="bbox 26 2396 1546 2445; baseline -0.004 -13"><span class='ocrx_word' id='word_1_260' title='bbox 26 2400 102 2433; x_wconf 86' lang='lat' dir='ltr'>fere</span> <span class='ocrx_word' id='word_1_261' title='bbox 139 2402 304 2443; x_wconf 82' lang='lat' dir='ltr'>ejusdem</span> <span class='ocrx_word' id='word_1_262' title='bbox 341 2402 590 2445; x_wconf 79' lang='lat' dir='ltr'>longitudinis</span> <span class='ocrx_word' id='word_1_263' title='bbox 628 2401 768 2444; x_wconf 70' lang='lat' dir='ltr'>1¹s2—2</span> <span class='ocrx_word' id='word_1_264' title='bbox 808 2402 1003 2440; x_wconf 73' lang='lat' dir='ltr'>linearum,</span> <span class='ocrx_word' id='word_1_265' title='bbox 1030 2400 1214 2432; x_wconf 80' lang='lat' dir='ltr'>instructi.</span> <span class='ocrx_word' id='word_1_266' title='bbox 1265 2399 1383 2440; x_wconf 51' lang='lat' dir='ltr'>Spina*</span> <span class='ocrx_word' id='word_1_267' title='bbox 1412 2396 1546 2428; x_wconf 65' lang='lat' dir='ltr'>vonivae</span> 
     </span>
     <span class='ocr_line' id='line_1_34' title="bbox 26 2454 1546 2504; baseline -0.005 -13"><span class='ocrx_word' id='word_1_268' title='bbox 26 2463 151 2500; x_wconf 72' lang='lat' dir='ltr'>acutae,</span> <span class='ocrx_word' id='word_1_269' title='bbox 177 2461 383 2494; x_wconf 81' lang='lat' dir='ltr'>adultiores</span> <span class='ocrx_word' id='word_1_270' title='bbox 411 2461 675 2504; x_wconf 69' lang='lat' dir='ltr'>patentissimae</span> <span class='ocrx_word' id='word_1_271' title='bbox 702 2459 953 2493; x_wconf 85' lang='lat' dir='ltr'>horizontales</span> <span class='ocrx_word' id='word_1_272' title='bbox 980 2462 1016 2490; x_wconf 83' lang='lat' dir='ltr'>et</span> <span class='ocrx_word' id='word_1_273' title='bbox 1041 2459 1155 2489; x_wconf 88' lang='lat' dir='ltr'>immo</span> <span class='ocrx_word' id='word_1_274' title='bbox 1182 2466 1278 2488; x_wconf 89' lang='lat' dir='ltr'>nunc</span> <span class='ocrx_word' id='word_1_275' title='bbox 1302 2454 1546 2486; x_wconf 59' lang='lat' dir='ltr'>subi-ecurvan</span> 
     </span>
     <span class='ocr_line' id='line_1_35' title="bbox 24 2510 1547 2560; baseline -0.006 -11"><span class='ocrx_word' id='word_1_276' title='bbox 24 2516 172 2550; x_wconf 83' lang='lat' dir='ltr'>Ramuli</span> <span class='ocrx_word' id='word_1_277' title='bbox 210 2518 447 2551; x_wconf 82' lang='lat' dir='ltr'>stichidiiferi</span> <span class='ocrx_word' id='word_1_278' title='bbox 485 2517 710 2560; x_wconf 71' lang='lat' dir='ltr'>thyrsoidei,</span> <span class='ocrx_word' id='word_1_279' title='bbox 748 2517 919 2558; x_wconf 81' lang='lat' dir='ltr'>juniores</span> <span class='ocrx_word' id='word_1_280' title='bbox 963 2515 1078 2557; x_wconf 84' lang='lat' dir='ltr'>spinis</span> <span class='ocrx_word' id='word_1_281' title='bbox 1118 2513 1251 2545; x_wconf 80' lang='lat' dir='ltr'>validis</span> <span class='ocrx_word' id='word_1_282' title='bbox 1290 2510 1547 2551; x_wconf 79' lang='lat' dir='ltr'>stiehidiisquc</span> 
     </span>
     <span class='ocr_line' id='line_1_36' title="bbox 27 2566 1544 2617; baseline -0.005 -12"><span class='ocrx_word' id='word_1_283' title='bbox 27 2583 138 2617; x_wconf 84' lang='lat' dir='ltr'>supra</span> <span class='ocrx_word' id='word_1_284' title='bbox 163 2575 385 2608; x_wconf 76' lang='lat' dir='ltr'>axillaribus</span> <span class='ocrx_word' id='word_1_285' title='bbox 412 2576 561 2617; x_wconf 61' lang='lat' dir='ltr'>mixtis,</span> <span class='ocrx_word' id='word_1_286' title='bbox 588 2575 795 2607; x_wconf 82' lang='lat' dir='ltr'>adultiores</span> <span class='ocrx_word' id='word_1_287' title='bbox 823 2574 938 2616; x_wconf 77' lang='lat' dir='ltr'>spinis</span> <span class='ocrx_word' id='word_1_288' title='bbox 966 2571 1155 2609; x_wconf 77' lang='lat' dir='ltr'>obsoletis,</span> <span class='ocrx_word' id='word_1_289' title='bbox 1171 2569 1344 2612; x_wconf 83' lang='lat' dir='ltr'>plurimis</span> <span class='ocrx_word' id='word_1_290' title='bbox 1361 2566 1544 2599; x_wconf 81' lang='lat' dir='ltr'>stichidiis</span> 
     </span>
     <span class='ocr_line' id='line_1_37' title="bbox 26 2624 1547 2676; baseline -0.005 -13"><span class='ocrx_word' id='word_1_291' title='bbox 26 2631 100 2664; x_wconf 82' lang='lat' dir='ltr'>sere</span> <span class='ocrx_word' id='word_1_292' title='bbox 126 2633 344 2675; x_wconf 78' lang='lat' dir='ltr'>glomeratis</span> <span class='ocrx_word' id='word_1_293' title='bbox 372 2633 523 2676; x_wconf 78' lang='lat' dir='ltr'>spicati·⁷</span> <span class='ocrx_word' id='word_1_294' title='bbox 553 2631 726 2664; x_wconf 80' lang='lat' dir='ltr'>stichidia</span> <span class='ocrx_word' id='word_1_295' title='bbox 752 2633 788 2663; x_wconf 91' lang='lat' dir='ltr'>in</span> <span class='ocrx_word' id='word_1_296' title='bbox 819 2640 953 2673; x_wconf 78' lang='lat' dir='ltr'>genere</span> <span class='ocrx_word' id='word_1_297' title='bbox 981 2629 1151 2666; x_wconf 77' lang='lat' dir='ltr'>maxima,</span> <span class='ocrx_word' id='word_1_298' title='bbox 1178 2626 1349 2667; x_wconf 79' lang='lat' dir='ltr'>elongata</span> <span class='ocrx_word' id='word_1_299' title='bbox 1364 2624 1547 2656; x_wconf 79' lang='lat' dir='ltr'>diametro</span> 
     </span>
     <span class='ocr_line' id='line_1_38' title="bbox 26 2682 1547 2733; baseline -0.006 -12"><span class='ocrx_word' id='word_1_300' title='bbox 26 2688 108 2731; x_wconf 88' lang='lat' dir='ltr'>plus</span> <span class='ocrx_word' id='word_1_301' title='bbox 135 2691 250 2733; x_wconf 88' lang='lat' dir='ltr'>duplo</span> <span class='ocrx_word' id='word_1_302' title='bbox 276 2690 458 2733; x_wconf 82' lang='lat' dir='ltr'>longiora,</span> <span class='ocrx_word' id='word_1_303' title='bbox 486 2689 638 2729; x_wconf 83' lang='lat' dir='ltr'>sessilia,</span> <span class='ocrx_word' id='word_1_304' title='bbox 664 2700 684 2721; x_wconf 87' lang='lat' dir='ltr'>a</span> <span class='ocrx_word' id='word_1_305' title='bbox 711 2689 791 2721; x_wconf 83' lang='lat' dir='ltr'>basi</span> <span class='ocrx_word' id='word_1_306' title='bbox 820 2687 931 2731; x_wconf 82' lang='lat' dir='ltr'>paulo</span> <span class='ocrx_word' id='word_1_307' title='bbox 957 2687 1089 2718; x_wconf 83' lang='lat' dir='ltr'>latiore</span> <span class='ocrx_word' id='word_1_308' title='bbox 1117 2684 1287 2724; x_wconf 74' lang='lat' dir='ltr'>oblonga,</span> <span class='ocrx_word' id='word_1_309' title='bbox 1315 2682 1466 2713; x_wconf 89' lang='lat' dir='ltr'>omnino</span> <span class='ocrx_word' id='word_1_310' title='bbox 1493 2683 1547 2714; x_wconf 88' lang='lat' dir='ltr'>in-</span> 
     </span>
     <span class='ocr_line' id='line_1_39' title="bbox 26 2738 1546 2790; baseline -0.005 -12"><span class='ocrx_word' id='word_1_311' title='bbox 26 2749 142 2780; x_wconf 85' lang='lat' dir='ltr'>ermia</span> <span class='ocrx_word' id='word_1_312' title='bbox 167 2750 232 2780; x_wconf 87' lang='lat' dir='ltr'>aut</span> <span class='ocrx_word' id='word_1_313' title='bbox 258 2748 365 2790; x_wconf 86' lang='lat' dir='ltr'>spina</span> <span class='ocrx_word' id='word_1_314' title='bbox 390 2757 464 2779; x_wconf 83' lang='lat' dir='ltr'>una</span> <span class='ocrx_word' id='word_1_315' title='bbox 490 2749 554 2778; x_wconf 85' lang='lat' dir='ltr'>aut</span> <span class='ocrx_word' id='word_1_316' title='bbox 580 2746 699 2778; x_wconf 81' lang='lat' dir='ltr'>altera</span> <span class='ocrx_word' id='word_1_317' title='bbox 727 2749 763 2777; x_wconf 81' lang='lat' dir='ltr'>et</span> <span class='ocrx_word' id='word_1_318' title='bbox 790 2756 884 2788; x_wconf 42' lang='lat' dir='ltr'>sasspe</span> <span class='ocrx_word' id='word_1_319' title='bbox 914 2744 1033 2776; x_wconf 80' lang='lat' dir='ltr'>valida</span> <span class='ocrx_word' id='word_1_320' title='bbox 1059 2743 1212 2774; x_wconf 77' lang='lat' dir='ltr'>armata.</span> <span class='ocrx_word' id='word_1_321' title='bbox 1253 2738 1386 2771; x_wconf 80' lang='lat' dir='ltr'>Rachis</span> <span class='ocrx_word' id='word_1_322' title='bbox 1413 2739 1546 2771; x_wconf 89' lang='lat' dir='ltr'>ramuli</span> 
     </span>
     <span class='ocr_line' id='line_1_40' title="bbox 26 2803 839 2847; baseline 0 -13"><span class='ocrx_word' id='word_1_323' title='bbox 26 2804 166 2845; x_wconf 89' lang='lat' dir='ltr'>spinosi</span> <span class='ocrx_word' id='word_1_324' title='bbox 192 2806 294 2846; x_wconf 84' lang='lat' dir='ltr'>apice</span> <span class='ocrx_word' id='word_1_325' title='bbox 320 2814 471 2847; x_wconf 84' lang='lat' dir='ltr'>quoque</span> <span class='ocrx_word' id='word_1_326' title='bbox 498 2803 839 2846; x_wconf 79' lang='lat' dir='ltr'>sphaerosporisera.</span> 
     </span>
    </p>
   </div>
   <div class='ocr_carea' id='block_1_9' title="bbox 116 2855 1547 2904">
    <p class='ocr_par' dir='ltr' id='par_1_10' title="bbox 116 2855 1547 2904">
     <span class='ocr_line' id='line_1_41' title="bbox 116 2855 1547 2904; baseline -0.005 -10"><span class='ocrx_word' id='word_1_327' title='bbox 116 2862 285 2894; x_wconf 81' lang='lat' dir='ltr'>Plantam</span> <span class='ocrx_word' id='word_1_328' title='bbox 324 2863 591 2904; x_wconf 71' lang='lat' dir='ltr'>Harveyanmn,</span> <span class='ocrx_word' id='word_1_329' title='bbox 628 2861 673 2894; x_wconf 87' lang='lat' dir='ltr'>de</span> <span class='ocrx_word' id='word_1_330' title='bbox 706 2871 778 2904; x_wconf 84' lang='lat' dir='ltr'>qua</span> <span class='ocrx_word' id='word_1_331' title='bbox 806 2869 917 2903; x_wconf 79' lang='lat' dir='ltr'>supra</span> <span class='ocrx_word' id='word_1_332' title='bbox 946 2857 1170 2890; x_wconf 84' lang='lat' dir='ltr'>mentionem</span> <span class='ocrx_word' id='word_1_333' title='bbox 1200 2855 1278 2895; x_wconf 78' lang='lat' dir='ltr'>feci,</span> <span class='ocrx_word' id='word_1_334' title='bbox 1305 2857 1448 2887; x_wconf 79' lang='lat' dir='ltr'>tantuin</span> <span class='ocrx_word' id='word_1_335' title='bbox 1477 2858 1547 2888; x_wconf 86' lang='lat' dir='ltr'>ste-</span> 
     </span>
    </p>
   </div>
   <div class='ocr_carea' id='block_1_10' title="bbox 1394 2911 1456 2944">
    <p class='ocr_par' dir='ltr' id='par_1_11' title="bbox 1394 2911 1456 2944">
     <span class='ocr_line' id='line_1_42' title="bbox 1394 2911 1456 2944; baseline 0 0"><span class='ocrx_word' id='word_1_336' title='bbox 1394 2911 1456 2944; x_wconf 80' lang='lat'>55*</span> 
     </span>
    </p>
   </div>
  </div>
 </body>
</html>
