1728 3110
120 157 174 197 71
187 156 214 196 4
739 147 795 192 W
795 163 1017 195 RANGELIEAE.
1413 153 1507 199 Nae
1514 160 1648 201 caria.

211 286 361 328 Statura,
388 281 593 317 ramificatio
620 284 655 315 et
682 282 822 316 habitus
850 286 944 318 totus
970 286 1163 329 sequentis,
1189 286 1256 319 nisi
1284 285 1400 321 forsan
1417 290 1570 322 crassior
1591 298 1648 322 ra-

118 346 220 380 mulis
247 341 477 378 tenuioribus.
525 340 619 374 Rami
648 343 802 383 primarii
828 352 978 386 pennam
1007 344 1241 378 columbinam
1269 348 1429 381 crassitie
1454 352 1647 394 aequantes,

117 404 260 438 ramulis
286 404 344 435 vix
370 400 606 442 capillaribus.
634 400 768 433 Ramuli
795 404 958 436 constant
984 403 1066 436 tubo
1093 404 1288 448 articulato,
1304 406 1459 439 articulis
1477 407 1647 441 diametro

118 463 265 505 3—4plo
303 458 532 502 longioribus,
571 458 844 492 endochromate
882 461 1038 494 colorato
1077 461 1209 506 farctis,
1242 464 1399 496 articulis
1425 466 1647 498 ramellorum

115 531 239 567 parum
277 516 523 552 crassioribus.
591 515 828 550 Verticillatim
868 527 911 551 ex
948 518 1001 552 his
1045 522 1174 553 exeunt
1211 522 1341 554 ramelli
1383 522 1648 565 decomposito-

117 577 307 613 dichotomi
334 577 369 608 et
394 574 571 618 fastigiati,
598 575 640 608 ad
667 576 828 616 genicula
859 579 1044 622 contracti,
1069 579 1227 612 articulis
1254 580 1474 613 ramellorum
1502 581 1648 614 inferio-

117 639 213 671 ribus
254 636 413 677 oblongis
453 633 623 666 diametro
663 635 764 676 triplo
805 635 1032 680 longioribus,
1060 637 1302 679 superioribus
1328 638 1542 680 ellipsoideis
1568 648 1647 672 ses-

116 694 406 739 quilongioribus.
468 692 633 726 Verticilli
674 693 747 726 fere
781 695 814 726 in
847 694 987 735 planum
1015 695 1229 728 horizontale
1256 696 1457 730 flabellatim
1484 699 1648 739 expansi·7

116 755 295 788 verticillis
322 751 532 786 distantibus
560 753 595 783 et
620 760 697 784 cum
724 753 893 794 proximis
910 754 1000 786 haud
1016 742 1217 795 contiguis.x
1240 754 1335 787 Rami
1356 756 1650 797 primariigerunt

116 812 237 846 tubum
265 811 391 844 exilem
418 812 615 852 angustum,
642 810 776 843 cellulis
803 812 997 845 rotundatis
1025 814 1159 854 magnis
1176 814 1443 858 circumdatum,
1459 815 1548 848 inter
1560 823 1647 858 quas

115 872 171 904 fila
197 871 398 911 angustiora
425 868 468 901 ad
493 871 640 902 stratum
667 870 834 903 corticale
861 880 1047 904 numerosa
1074 875 1276 905 excurrunt.

207 949 282 983 Non
308 951 383 982 sine
408 949 630 983 haesitatione
656 950 746 984 hanc
773 960 790 983 a
816 955 986 994 sequente
1013 955 1185 995 separavi.
1236 953 1304 987 Sed
1329 955 1541 997 comparatis
1564 963 1646 997 spe-

115 1009 303 1042 ciminibus
330 1008 523 1052 utriusque,
556 1009 702 1041 nimium
729 1012 904 1042 structura
931 1010 1088 1044 diversas
1115 1013 1243 1056 inveni,
1271 1021 1373 1054 quam
1401 1016 1438 1046 ut
1464 1016 1647 1055 utramque

115 1069 329 1111 conjungere
366 1076 472 1099 ausus
512 1067 669 1100 fuissem.
725 1067 795 1101 Sed
827 1070 1039 1111 paucissima
1066 1072 1200 1102 tantum
1226 1070 1355 1112 plantae
1382 1071 1661 1106 mediterraneae.

115 1127 183 1160 vidi
210 1128 423 1170 specimina,
448 1126 541 1159 nulla
567 1134 648 1159 vero
677 1127 768 1159 inter
793 1128 900 1161 multa
929 1128 1094 1161 atlantica
1119 1128 1173 1161 his
1202 1130 1446 1162 convenientia
1473 1129 1554 1162 vidi.

115 1276 152 1315 3.
185 1279 222 1316 N.
253 1279 411 1316 Wicouu
445 1278 590 1323 [Turn.
620 1279 663 1315 in
693 1277 780 1315 Lin.
815 1277 876 1317 Tr.
916 1277 971 1315 VI.
1000 1290 1037 1326 p.
1075 1278 1148 1317 435
1180 1279 1259 1318 tab.
1297 1279 1367 1327 ⁴0)
1401 1279 1537 1319 fronde
1553 1278 1647 1316 sub-

226 1357 316 1393 vage
361 1345 633 1395 ramosissima,
684 1345 774 1383 tubo
818 1346 903 1383 axili
949 1347 1181 1384 ramulorum
1225 1350 1407 1397 angusto,
1458 1347 1648 1385 verticillis

225 1413 470 1450 rainellorum
515 1413 794 1451 confluentibus
838 1417 994 1451 stratum
1039 1414 1319 1464 peripliericum
1351 1416 1647 1454 subcontinuum

226 1480 489 1530 formantibus,
521 1481 686 1518 rumellis
717 1481 945 1520 dicliotomis
976 1482 1182 1534 fastigiatis,
1200 1483 1494 1531 gemmidiorum
1511 1482 1648 1520 nucleo

225 1548 296 1586 filis
327 1548 519 1586 sterilibus
550 1549 686 1586 cincto.

206 1635 321 1670 Fucus
358 1636 505 1679 Wigghii
550 1636 689 1670 Turn.!!
723 1636 744 1671 l.
783 1647 812 1671 c.
851 1636 938 1671 Hz‘st.
977 1637 1060 1672 Fac.
1101 1637 1170 1672 tab.
1214 1640 1290 1673 402.
1325 1638 1396 1672 Sm‚
1434 1637 1532 1683 Enql.
1570 1637 1647 1672 Bot.

115 1694 182 1729 tab.
210 1696 311 1732 ⁴465.

207 1753 433 1797 Chaetospora
461 1754 609 1796 Wiggbii
636 1755 693 1799 Aq.
719 1754 810 1798 Syst.
834 1765 869 1799 p.
897 1755 977 1789 1146!
1002 1753 1058 1799 Sp.
1093 1755 1163 1800 Alq.
1199 1755 1245 1790 II.
1279 1766 1316 1800 p.
1350 1756 1428 1790 4⁴2!
1465 1756 1648 1799 (partimJ3

117 1809 219 1845 Grev.
246 1812 316 1856 Azy.
344 1810 433 1845 Brit.
454 1822 489 1856 p.
519 1814 583 1846 453
609 1812 678 1846 tab.
709 1814 765 1846 46!

207 1870 376 1903 Naccaria
415 1870 563 1912 Wiggliii
601 1871 701 1905 Endl.
743 1870 827 1905 Gen.
862 1881 921 1906 ηῑο
948 1874 1001 1905 68.
1028 1871 1137 1906 Harv.
1164 1871 1259 1905 Man.
1281 1882 1316 1915 p.
1342 1873 1401 1906 50!
1429 1872 1530 1916 Pleyc.
1557 1871 1647 1906 Brit.

115 1928 184 1963 tab.
211 1930 271 1962 38!
312 1928 412 1963 Ii'ulz..
438 1939 489 1973 sp.
510 1940 547 1973 p.
575 1930 658 1964 744!
699 1931 843 1964 Crouan
869 1932 906 1965 in
932 1932 1020 1965 Arm.
1044 1930 1099 1965 Sc.
1127 1929 1207 1964 Nat.
1236 1929 1323 1962 4848
1347 1930 1414 1964 vol.
1445 1933 1483 1964 ⁴0
1506 1940 1542 1974 p.
1569 1931 1646 1964 374.

116 1989 165 2023 Pl.
193 1990 229 2021 Μ
259 1986 315 2031 fiq.
344 1988 476 2021 8—44!

209 2047 350 2090 Hypnea
378 2045 525 2087 Wigghii
553 2045 722 2081 Lamour.

229 2130 316 2169 Hab.
349 2130 386 2167 in
419 2130 574 2179 rupibus
615 2130 799 2168 demersis
838 2130 972 2168 oceani
1014 2129 1177 2168 atlantici
1209 2130 1254 2167 ad
1287 2130 1409 2170 littora
1442 2133 1646 2180 [Ielgolan-

119 2199 188 2236 diae
227 2198 439 2249 (Binder!)‚
479 2199 616 2247 Angliae
656 2200 833 2245 (Borrerl
876 2202 963 2238 Dzna
1003 2199 1205 2245 Griffitlisl)
1250 2203 1287 2236 et
1318 2200 1442 2238 Galliae
1474 2204 1647 2248 (De-La-

120 2267 293 2315 Pylaiel).
878 2264 879 2267 ’

212 2355 365 2389 Frondes
392 2364 410 2388 a
437 2355 524 2388 callo
557 2356 697 2389 radicali
731 2356 937 2399 plerumque
971 2354 1283 2398 4—6-pollicares,
1315 2365 1464 2398 pennam
1490 2358 1647 2398 passeri-

120 2423 199 2447 nam
225 2416 259 2446 et
285 2414 372 2447 ultra
400 2423 541 2456 crassae,
569 2415 759 2458 filiformes,
786 2418 926 2458 teretes,
943 2422 1224 2456 quoquoversum
1255 2416 1513 2458 ramosissimae,
1541 2419 1645 2450 ramis

121 2471 321 2505 lateralibus
348 2472 599 2512 decompositis
628 2474 822 2506 ramulosis.
870 2472 1001 2505 Ramuli
1031 2472 1226 2514 capillares,
1255 2472 1423 2505 fructiferi
1450 2473 1645 2518 lanceolati,

120 2533 282 2573 utrinque
324 2532 503 2563 attenuati.
566 2531 687 2564 Caules
728 2533 883 2574 ramique
910 2532 1063 2573 primarii
1091 2532 1257 2564 continuo
1285 2533 1393 2565 strato
1420 2532 1555 2564 filorum
1584 2533 1646 2565 dc-

121 2591 335 2623 currentium
380 2590 555 2631 coi-ticam,
602 2592 654 2622 axi
695 2593 862 2633 angusto,
909 2590 1042 2622 cellulis
1081 2590 1215 2629 magnis
1261 2589 1645 2630 rotundato-angulatis

121 2651 247 2691 cinct0,
276 2648 468 2681 constituti.
529 2647 660 2680 Ramuli
700 2651 863 2681 constant
901 2649 954 2680 axi
988 2648 1183 2690 articulato,
1210 2657 1227 2680 a
1255 2656 1321 2690 quo
1349 2650 1479 2682 ranielli
1507 2651 1645 2691 plurimi

121 2716 400 2748 quoquoversum
439 2706 679 2749 egredientes,
718 2707 1191 2750 dichotomo-(leeompositi,
1232 2707 1412 2748 fastigiati,
1453 2708 1498 2739 ita
1539 2707 1645 2738 dense

120 2767 239 2807 stipati
266 2767 303 2797 ut
328 2766 475 2796 stratum
513 2767 715 2797 continuum
752 2766 1011 2806 periplierioum
1038 2766 1203 2798 efficiant.
1252 2766 1482 2799 Ramellorum
1510 2767 1645 2799 articuli

120 2823 302 2856 inferiores
329 2822 480 2865 oblongi,
508 2824 707 2865 superiores
734 2824 928 2865 ellipsoidei
956 2824 1172 2864 longitudine
1199 2825 1422 2857 articulorum
1440 2824 1645 2865 praecedeu-

120 2881 164 2912 tis
201 2881 344 2921 speciei.
406 2881 507 2914 Color
545 2882 623 2914 laete
650 2890 783 2914 roseus.
833 2881 1034 2915 Substantia
1062 2884 1253 2923 gelatinosa
1289 2885 1335 2916 ita
1363 2886 1399 2916 ut
1431 2883 1561 2916 chartae
1589 2892 1645 2915 ar-

120 2939 275 2971 ctissime
303 2938 489 2972 adhaereat.
