1728 3110
142 146 201 186 70
210 146 236 185 4
760 140 1040 184 wammam.
1415 139 1667 200 lflsranqelia.

139 281 347 324 volucrata3
377 277 535 315 nucleus
565 275 883 324 hemispbaericus,
916 276 1014 313 nulla
1048 274 1240 312 communi
1265 275 1483 313 membrana
1509 276 1666 326 cinctus,

139 347 209 383 filis
240 344 465 382 abbreviatis
496 344 874 381 articulato—clavatis
904 342 1348 391 dichotomo-sastigiatis
1379 348 1573 395 constans;
1600 357 1666 383 ar-

139 413 242 450 ticuli
273 412 402 450 clavati
433 410 574 447 sensim
605 410 720 457 magis
752 410 977 458 pyril'ormes
1008 410 1170 448 evadunt
1201 411 1288 448 etin
1307 412 1510 459 gemmidia
1527 412 1668 450 abeunt

139 481 372 530 pyrisormia,
417 479 587 517 radiatim
633 478 827 527 disposita,
869 478 1012 526 singula
1058 479 1207 516 sacculo
1252 478 1401 526 hyalino
1441 480 1666 528 pedicellato

140 553 253 598 tecta,
296 552 439 586 matura
485 546 602 594 magis
647 546 860 583 rotundata.
927 546 1203 595 Sphaerosporae
1235 546 1419 584 interiore
1452 547 1569 584 latere
1601 560 1666 585 ra-

138 618 356 665 mellorum,
391 617 492 662 Juxta
533 615 638 652 basin
677 615 838 664 sessiles,
870 614 964 651 intra
996 614 1253 663 perisporium
1284 616 1450 664 amplum
1482 615 1666 663 triangulo

139 684 275 722 divisae.
348 683 560 722 Antberidia
599 682 859 731 magnitudine
890 682 1239 730 spbaerosporarum
1271 685 1327 720 sat
1357 682 1573 731 conspicua,
1606 683 1667 719 lu-

140 751 334 800 tcscentia,
376 752 567 800 sphaerica,
606 751 674 788 silis
705 750 966 787 minutissimis
999 752 1083 797 (aut
1112 750 1274 794 cellulis)
1303 750 1452 788 clavatis
1482 763 1502 788 a
1533 754 1665 788 centro

140 819 370 856 radiantibus
407 818 628 868 constantia,
666 818 701 855 in
743 818 1012 855 verticillorum
1045 818 1209 855 ramellis
1239 816 1475 854 brevioribus
1506 817 1667 864 pinnatis

140 887 365 935 terminalia,
402 886 605 934 pinnisque
646 886 807 933 geminis
847 885 1035 934 oppositis
1078 885 1321 935 involucrata,
1354 884 1526 935 plurima,
1558 885 1669 921 oculo

138 955 242 992 nudo
274 956 555 1003 spbserosporas
587 954 805 991 referentia.

249 1049 377 1083 Genus
419 1045 556 1082 eximie
597 1046 782 1093 naturale,
825 1043 965 1093 babitu,
1007 1043 1287 1081 ramiticationis
1319 1055 1466 1092 norma,
1496 1045 1669 1082 antheri-

138 1115 289 1152 diorum
324 1114 442 1151 forma
476 1117 512 1149 et
543 1112 629 1161 situ,
660 1116 772 1160 atque
804 1112 994 1160 praecipue
1026 1114 1210 1148 structura
1244 1111 1384 1164 fructus
1416 1112 1619 1160 capsularis
1650 1124 1667 1148 a

138 1181 343 1219 cerauneis
375 1180 553 1217 omnibus
583 1180 813 1229 distinctum,
847 1180 881 1216 in
915 1180 1026 1226 Spec.
1058 1178 1139 1226 Alq.
1173 1177 1439 1226 Ca1·.Ayar·dlz
1463 1180 1670 1228 conditum,

139 1250 353 1287 charactere
384 1261 403 1286 a
434 1251 617 1285 structura
666 1247 809 1285 frondis
855 1247 1045 1296 praecipue
1091 1247 1221 1296 petito.
1293 1249 1331 1283 ln
1365 1246 1486 1295 Symb.
1518 1250 1671 1285 nostris

139 1318 301 1355 fructum
347 1320 550 1365 utrumque
595 1316 793 1364 descripsi,
838 1320 875 1353 et
911 1318 991 1353 Ἢν.
1038 1314 1272 1365 multifidam,
1310 1325 1421 1363 quam
1461 1316 1670 1352 Grillitbsiae

139 1387 493 1434 adnumeraverant,
533 1384 669 1421 Generi
714 1383 909 1422 vindicavi.
985 1379 1140 1430 liu'tzing
1172 1381 1346 1431 (Phycol.
1379 1383 1472 1421 Gen.
1499 1394 1538 1430 p.
1571 1381 1668 1429 367)

138 1467 199 1492 me
242 1454 290 1491 ob
333 1453 427 1490 banc
468 1452 718 1489 mutationem
762 1462 935 1500 carpens,
968 1450 1167 1488 contendit
1197 1453 1270 1499 Wr.
1303 1452 1523 1489 multifidam
1555 1451 1670 1488 Calli-

138 1522 305 1560 tbamnio
351 1520 653 1567 subjungendam
701 1531 797 1569 esse,
828 1532 846 1556 a
878 1531 954 1567 quo
1002 1531 1143 1567 genere
1186 1519 1287 1556 nulla
1335 1523 1423 1556 nota
1455 1519 1667 1556 distinctam

139 1588 322 1638 perbibet.
390 1590 426 1624 ln
466 1587 627 1624 Advers.
666 1590 819 1624 nostris
861 1598 897 1634 p.
943 1584 988 1623 47
1021 1587 1092 1624 boc
1125 1587 1288 1624 refutare
1320 1590 1475 1624 conatus
1507 1598 1601 1633 sum,
1634 1591 1672 1623 et

139 1659 366 1693 structuram
412 1655 553 1691 tructus
598 1655 814 1703 capsularis,
860 1665 931 1702 qua
964 1656 1038 1691 Wr.
1070 1653 1266 1703 multifida,
1298 1658 1338 1690 ut
1368 1658 1503 1691 ceterae
1533 1656 1669 1691 Wran-

140 1723 260 1772 galiae,
291 1723 336 1759 ab
367 1722 543 1759 omnibus
576 1721 781 1759 Ceramieis
812 1721 1007 1769 abludunt,
1040 1721 1176 1757 iterum
1195 1720 1364 1769 exposui.
1399 1724 1526 1769 Neque
1545 1723 1668 1757 tamen

139 1793 211 1829 boc
249 1792 406 1839 impedit
446 1791 651 1838 quominus
685 1791 819 1827 iterum
852 1791 1014 1839 plantam
1047 1789 1147 1825 inter
1177 1788 1431 1826 Callitbamnia
1463 1798 1669 1825 enumera-

139 1858 233 1896 verit
276 1860 350 1896 Cel.
397 1859 564 1907 Ki'itzing.
625 1862 762 1905 llarvey
805 1862 842 1895 et
879 1857 1004 1895 caeteri
1038 1857 1263 1893 recentioris
1293 1856 1359 1893 aevi
1390 1855 1572 1905 Algologi,
1605 1855 1667 1903 qui

140 1927 188 1963 de
228 1927 437 1975 Wrangclia
480 1922 663 1976 egerunt:
693 1930 820 1963 nostra
863 1925 1014 1973 vestigia
1058 1924 1095 1961 in
1139 1935 1280 1973 genere
1323 1922 1519 1961 limitando
1552 1922 1669 1959 secuti

140 1996 236 2030 sunt.

250 2084 402 2134 Species
435 2083 542 2121 unica
575 2083 683 2131 liujus
715 2084 879 2133 generis,
910 2083 1023 2120 maris
1054 2083 1217 2120 atlantici
1250 2082 1387 2133 incola,
1417 2083 1556 2120 diutius
1574 2094 1669 2131 cog-

140 2152 216 2190 nita
261 2152 348 2200 l'uit3
393 2152 561 2202 alteram,
592 2163 611 2188 e
643 2152 927 2189 mediterraneo
976 2151 1188 2201 oriundam,
1231 2152 1434 2199 Agardbius
1480 2153 1667 2200 cognitam

142 2219 322 2269 reddidit,
369 2220 538 2267 plurimae
584 2220 766 2258 australes
812 2220 944 2257 ultimo
992 2224 1162 2269 tempore
1194 2231 1213 2256 a
1244 2221 1420 2258 llookero
1464 2223 1500 2257 et
1531 2222 1669 2266 llarvey

141 2287 306 2335 primum
338 2287 534 2336 descriptae
567 2288 730 2325 suerunt.

252 2382 303 2416 De
341 2382 472 2416 natura
511 2377 812 2415 antl=e1·idi0rum
856 2379 985 2415 forsan
1026 2377 1147 2414 adbuc
1190 2376 1301 2414 dubia
1343 2380 1507 2416 manent.
1576 2380 1669 2414 Sunt

142 2445 260 2481 multo
307 2445 471 2482 firmiora
516 2456 626 2493 quam
674 2446 711 2482 in
757 2445 836 2482 aliis
876 2445 1010 2494 plantis
1040 2457 1059 2482 a
1090 2456 1150 2481 me
1195 2435 1414 2494 observatis,
1446 2445 1669 2491 frequenter

144 2516 361 2561 occurrunt,
390 2516 476 2549 sunt
505 2513 664 2550 omnino
696 2513 874 2561 spliaerica
907 2516 944 2549 et
976 2512 1044 2549 [ilis
1075 2523 1141 2549 seu
1174 2513 1318 2549 cellulis
1349 2524 1368 2549 a
1400 2514 1539 2559 puncto
1571 2521 1666 2547 cen-

142 2579 224 2616 trali
270 2579 382 2616 unico
428 2579 658 2617 radiantibus
703 2583 888 2629 constant,
930 2579 1064 2627 quibus
1110 2579 1286 2616 omnibus
1330 2578 1376 2614 ab
1421 2577 1502 2615 aliis
1533 2578 1668 2626 plantis

142 2646 292 2683 differre
335 2646 520 2685 videntur.
590 2650 628 2683 ln
660 2648 796 2685 eodem
830 2646 993 2695 caespite,
1025 2649 1061 2682 et
1091 2646 1127 2683 ni
1161 2647 1270 2684 fallor
1299 2645 1336 2682 in
1368 2644 1506 2681 eodem
1537 2644 1666 2693 speci-

141 2713 258 2763 mine,
288 2725 372 2750 cum
405 2714 645 2762 cystocarpiis
677 2714 808 2751 eadem
841 2713 1044 2750 observavi.
1114 2716 1165 2752 Ne
1197 2714 1280 2762 quis
1312 2711 1442 2750 eadem
1475 2716 1667 2760 cystocar-

142 2780 292 2828 piorum
341 2781 445 2818 initia
489 2781 628 2832 credat,
675 2781 892 2818 observasse
938 2779 1052 2829 lubet,
1097 2780 1210 2817 situm
1255 2781 1389 2817 borum
1436 2789 1666 2826 organorum

145 2857 227 2883 esse
272 2847 477 2898 diversum,
522 2860 592 2886 nec
636 2858 816 2897 umquam
859 2848 999 2885 formas
1031 2847 1275 2886 intermedias
1305 2845 1401 2895 (sive
1433 2847 1559 2897 situm,
1589 2845 1666 2883 sive

142 2916 443 2964 magnitudinem
473 2916 739 2965 respiciamus)
771 2925 985 2952 occurrere.
