1728 3110
29 128 342 183 Polygqphom‘a,
640 125 923 168 Ruononmffi.
1454 129 1478 170 9
1492 129 1508 169 l
1523 129 1545 169 7

29 263 154 287 omnes
181 255 372 298 simplices
399 266 419 288 a
446 254 618 298 geniculo
651 265 802 299 quoque
828 257 989 289 secundo
1015 257 1157 291 alterne
1183 262 1374 292 exeuntes.
1424 260 1461 293 Si
1488 270 1548 293 su-

27 323 93 356 pra
125 313 278 346 axillam
306 316 341 346 et
366 314 412 346 ad
451 313 665 356 geniculum
704 315 876 357 proxime
916 325 1076 359 sequens
1112 318 1263 360 pinnam
1302 320 1547 362 compositam

27 370 214 403 evolutam
256 372 424 415 fingeres,
464 372 621 405 formam
658 371 814 404 haberes
852 373 1058 415 vulgarem.
1117 375 1345 420 Plerumque
1383 387 1472 410 vero
1510 378 1549 409 in

27 430 138 472 pinna
163 431 368 472 composita
408 430 571 474 pinnulae
610 430 820 463 inchoantis
858 431 995 464 indicia
1033 433 1077 465 ad
1116 435 1333 475 geniculum
1372 436 1549 479 quodque

27 487 225 520 observare
254 488 352 521 licet.

116 545 255 578 Plantae
281 547 449 579 articulis
476 546 719 589 longioribus,
746 551 787 579 ut
813 547 868 579 fas
896 550 958 588 est,
987 548 1203 592 adspectum
1231 550 1349 584 multo
1365 551 1548 584 laxiorem

25 603 201 646 praebent,
240 616 349 648 quam
388 605 715 638 breviarticulatae.
770 605 820 638 At
858 608 1058 649 utramque
1096 607 1254 640 sormam
1294 609 1330 640 in
1370 609 1549 642 Arnansia

26 661 237 694 obtusiloba
264 667 490 695 crescentem
517 664 653 696 inveni.
703 663 791 697 Alio
818 668 989 707 respectu
1015 665 1156 698 nullam
1185 666 1430 699 differentiam
1454 669 1551 700 inter

26 721 229 762 specimina
269 721 465 754 Zelandica
491 726 527 754 et
552 722 775 755 Americana
813 723 986 766 detegere
1026 724 1138 756 valui.
1188 725 1434 767 Montagneus
1461 736 1550 758 vero

24 779 62 810 in
88 778 194 812 Serto
231 780 456 823 Patagonico
493 778 634 813 D’Orb.
680 779 766 822 Voy.
787 789 829 822 p.
856 781 888 814 6.
915 779 974 814 Pl.
1007 780 1077 814 IV.
1094 780 1160 824 fiy.
1187 782 1207 815 3
1235 784 1276 815 P.
1302 783 1549 816 dendritieam

24 835 144 874 habet,
184 849 293 881 quam
330 840 394 872 vix
433 850 559 872 veram
598 842 781 883 putarem.
832 841 949 873 Frons
987 842 1137 874 videtur
1163 853 1183 874 a
1209 842 1270 875 filo
1298 843 1546 875 decumbente

25 905 189 939 surgens,
223 899 342 941 pinna*
382 909 510 932 omnes
537 899 724 943 simplices
751 903 787 932 et
814 900 1053 933 distantiores
1080 912 1191 945 quani
1218 903 1254 934 in
1282 913 1370 935 vera
1396 903 1433 935 P.
1462 903 1550 935 den-

29 953 159 987 dritica
188 956 374 989 videntur.
425 958 481 989 Ex
507 958 613 990 icone
648 958 685 990 P.
725 961 905 1000 pennatae
945 960 1145 1002 specimina
1184 970 1277 992 nana
1307 964 1342 992 et
1363 960 1547 1000 juvenilia

24 1013 222 1047 crederem.

23 1152 61 1191 3.
93 1153 136 1192 P.
168 1166 403 1193 PROREPENS
436 1155 575 1204 (Harax
606 1155 697 1192 Ner.
739 1153 874 1192 Austr.
896 1168 937 1202 2).
968 1155 1037 1200 50)
1080 1155 1284 1208 capillaris
1326 1170 1443 1205 nana,
1481 1158 1548 1198 filo

132 1220 325 1272 primario
357 1222 627 1261 decumbente
658 1222 867 1261 radicante
905 1224 1155 1262 subdistiche
1192 1225 1373 1276 pinnato,
1406 1239 1549 1266 secun-

133 1288 255 1326 dariis
285 1288 627 1327 adscendentibus
668 1289 1007 1328 subverticalibus
1051 1290 1205 1329 bis-ariis
1237 1294 1467 1332 secundatis
1499 1295 1549 1332 ad

131 1356 365 1407 geniculum
396 1357 586 1407 quodque
617 1357 772 1395 alterne
804 1357 1121 1409 egredientibus,
1153 1359 1287 1411 pinnis
1314 1363 1549 1414 compositis

130 1423 391 1475 pinnulisque
422 1424 677 1476 simplicibus
709 1424 904 1463 subulat-is
936 1425 1090 1464 obtusis
1122 1427 1312 1478 utrinque
1345 1429 1548 1467 alternan-

134 1490 254 1536 tibus,
286 1490 467 1528 articulis
504 1490 811 1542 polysiphoneis
851 1492 1049 1531 diametro
1090 1493 1213 1545 duplo
1254 1499 1294 1532 et
1326 1495 1430 1533 ultra
1460 1495 1549 1534 bre-

130 1557 324 1604 vioribus,
370 1558 663 1610 sphaerosporis
706 1558 748 1596 in
794 1559 972 1610 pinnulis
1019 1559 1276 1611 inaequaliter
1319 1562 1550 1601 incrassatis

131 1624 284 1676 paucis,
316 1624 553 1663 kei-amidiis
585 1653 595 1663 .

116 1715 383 1759 Polysiplionia
424 1726 628 1759 prorepens
666 1714 837 1749 Hae-221.
864 1725 892 1749 c.
922 1716 1006 1749 Ace.
1039 1715 1080 1758 of
1100 1716 1203 1751 Mar.
1241 1717 1323 1751 Bot.
1361 1717 1403 1760 of
1442 1719 1549 1754 lVest.

24 1771 154 1806 Austr.
179 1782 238 1805 wo
264 1773 342 1806 102.
363 1782 404 1814 p.
431 1773 528 1806 5411!
555 1772 667 1816 Phyc.
695 1774 827 1807 Austr.
856 1773 927 1808 tab.
958 1773 1182 1808 CLXXXV
1204 1775 1258 1809 B!
1281 1775 1393 1810 Kz'ltz.
1421 1777 1485 1820 Sp.
1507 1788 1548 1820 p.

27 1830 110 1863 807!

114 1891 257 1923 Exsicc.
282 1887 402 1922 Harv.
430 1888 511 1932 Alps.
539 1888 671 1923 Anstr.
699 1900 757 1924 wo
789 1891 854 1925 181
880 1892 936 1926 B!

129 1970 232 2009 Hab.
262 1970 302 2008 in
335 1970 500 2009 Oceano
532 1969 710 2010 Australi
741 1973 791 2011 ad
824 1973 922 2026 Cap.
954 1974 998 2012 B.
1030 1974 1149 2027 Spei;
1190 1976 1240 2015 ad
1271 1975 1380 2028 King
1420 1977 1546 2017 Geor-

24 2035 106 2087 ge's
139 2037 278 2076 Sound
309 2037 543 2089 (Hal-veyl).

115 2128 232 2161 Frons
261 2128 453 2161 corallinis
480 2130 515 2160 et
541 2128 626 2161 aliis
653 2129 747 2172 algis
772 2131 918 2171 adnata,
944 2132 1006 2166 filo
1034 2145 1164 2177 nempe
1192 2136 1371 2178 primario
1398 2135 1549 2168 decum-

25 2182 134 2217 bente
171 2189 269 2218 arcte
308 2186 484 2229 adpresso
523 2189 559 2218 et
597 2187 796 2229 radicante,
837 2189 921 2232 plus
961 2192 1084 2224 minus
1109 2192 1345 2235 longitudine
1373 2203 1549 2236 expanso,

26 2243 197 2285 pollicari
236 2247 272 2276 et
299 2244 409 2285 ultra,
437 2245 675 2278 secundarios
705 2247 908 2288 verticales‚
942 2250 1074 2282 cristas
1100 2250 1340 2283 brevissimas
1367 2251 1546 2283 aemulan-

27 2302 90 2343 tes,
133 2304 336 2336 emittente.
387 2304 612 2337 Secund-aria
652 2309 823 2338 constant
860 2308 985 2350 pinnis
1023 2308 1183 2352 duplicis
1220 2310 1378 2352 generis,
1416 2320 1547 2352 nempe

27 2360 254 2403 simplicibus
284 2361 328 2394 ad
357 2361 567 2404 geniculum
596 2363 772 2407 quodque
799 2366 1000 2398 secundum
1025 2367 1166 2400 alterne
1190 2368 1484 2410 egredientilnis3
1513 2371 1547 2399 et

26 2419 249 2461 compositis,
274 2419 367 2461 ipsis
395 2430 527 2462 nempe
554 2420 770 2462 pinnulatis,
797 2423 954 2455 invicem
972 2435 1122 2468 quoque
1138 2425 1414 2457 alternantibus
1432 2428 1546 2459 (nunc.

26 2473 149 2508 forsan
177 2476 444 2516 deficientibus,
470 2487 601 2520 nempe
628 2478 664 2510 in
679 2478 806 2521 planta
832 2480 1073 2522 inchoanteP)
1102 2484 1151 2514 ita
1179 2487 1218 2514 ut
1246 2486 1404 2525 utroque
1432 2482 1547 2515 latere

28 2532 217 2574 pinnulam
245 2534 451 2578 simplicem
468 2536 638 2578 sequitur
652 2536 694 2569 ad
712 2539 924 2579 geniculum
942 2541 1111 2583 proxime
1128 2551 1304 2583 superum
1321 2541 1433 2583 pinna
1447 2551 1547 2573 com-

28 2592 157 2632 posita.
207 2593 331 2625 Pinna*
359 2593 545 2635 simplices
573 2597 608 2625 et
635 2595 798 2637 pinnula·
827 2600 1118 2641 compositarum
1147 2601 1233 2630 sunt
1258 2608 1279 2630 a
1307 2598 1385 2630 basi
1412 2598 1545 2631 latiore

31 2651 237 2691 attenuatae,
263 2654 297 2683 at
326 2662 455 2683 crassa*
483 2654 519 2683 et
545 2652 702 2685 obtusae.
739 2655 1011 2699 sphaerosporae
1038 2657 1072 2688 in
1090 2655 1255 2699 pinnulis
1271 2655 1545 2698 aliquantulum

30 2706 262 2750 prolongatis
289 2711 325 2740 et
350 2719 423 2741 non
451 2719 581 2752 parum
602 2711 815 2745 incrassatis
829 2713 1159 2752 falcato-incurvis,
1176 2713 1377 2745 admodum
1393 2713 1547 2752 obtusis,

30 2764 116 2797 5—'7
142 2767 308 2800 articulis
334 2768 531 2809 fertilibus,
570 2769 737 2811 evolutae,
775 2773 931 2815 singulae
970 2771 1362 2815 parum*prominula‘‚
1389 2774 1545 2817 simplici

33 2824 124 2855 serie
148 2824 415 2867 longitudinali
442 2826 642 2870 disposita·.
692 2828 855 2862 Articuli
883 2831 1065 2863 diametro
1094 2829 1316 2873 ubicumque
1343 2831 1419 2862 fere
1439 2831 1547 2864 dimi-

33 2880 92 2914 dio
121 2881 323 2924 breviores
349 2895 460 2917 venas
488 2884 579 2917 3—4
604 2896 625 2918 a
651 2888 843 2930 superficie
871 2890 1130 2927 monstrantes,
1146 2887 1319 2930 siphones
1335 2899 1462 2922 revera
1477 2892 1546 2923 cir·

1388 2947 1452 2979 61*
