1728 3110
142 102 200 142 76
209 103 234 141 8
779 95 1008 138 CuoNnmEAE.
1406 93 1653 141 Laurencia.

139 239 230 264 nunc
268 229 472 269 regulariter
510 226 663 270 alternae,
703 235 795 259 nunc
826 228 860 260 in
896 227 1036 260 rachide
1064 227 1207 260 incurva
1233 228 1444 272 secundatae,
1471 229 1653 264 inferiores

139 291 313 330 longiores
351 287 474 320 eodem
511 285 613 318 modo
653 287 876 328 compositae,
915 287 1115 327 superiores
1156 286 1379 328 pinnulaeque
1421 288 1570 321 lineares
1597 293 1655 323 aut

138 348 214 379 basi
251 347 374 378 leviter
412 348 610 388 attenuatae,
650 347 749 388 apice
788 345 925 378 obtusae
964 345 1172 386 suboblique
1210 348 1379 378 truncatae
1414 349 1472 380 aut
1497 348 1654 381 obsolete

139 407 302 438 crenatae.
351 403 468 437 Pinnae
494 403 683 437 fructiferae
710 403 818 436 forma
847 403 1006 447 diversae,
1033 404 1267 445 angustiores,
1295 404 1448 445 pinnulae
1474 406 1654 446 sporiferae

138 464 385 507 teretiusculae,
425 463 550 495 lineam
587 463 643 495 vix
681 463 804 505 longoe,
842 464 1023 504 truncatae,
1051 462 1228 504 simplices
1255 465 1314 494 aut
1339 464 1469 504 saepius
1498 473 1654 508 ramosae,

136 523 295 564 plurimae
322 522 364 554 ad
390 523 508 564 apices
534 522 718 563 pinnarum
744 522 952 563 aggregatae,
980 520 1164 562 corymbos
1191 520 1419 553 densissimos
1447 521 1654 566 formantes,

136 581 391 622 spliaerosporae
418 581 555 620 generis
582 579 670 611 infra
696 579 814 619 apices
841 578 873 610 in
901 586 1024 610 zonam
1050 578 1321 610 transversalem
1348 579 1540 623 dispositae.
1586 581 1655 613 Ke-

136 640 281 672 ramidia
309 639 350 672 ad
378 641 495 680 apices
521 639 735 670 incrassatos
762 639 796 669 et
822 636 958 669 lobatos
985 638 1169 678 pinnarum
1195 639 1392 681 aggregata,
1418 639 1597 681 praecipue
1612 639 1655 672 ad

136 700 318 739 utramque
345 698 506 738 paginam
534 696 786 738 provenientia,
814 703 906 727 nunc
932 695 1215 737 submarginalia,
1243 696 1529 740 hemisphaerica3
1556 706 1654 737 gem-

137 757 239 789 midia
279 758 417 796 generis
457 755 499 787 ad
536 755 734 796 placentam
771 753 938 797 basalem,
968 763 984 786 a
1011 755 1135 795 pagina
1163 753 1295 787 frondis
1328 754 1516 798 obliquam,
1542 754 1655 788 affixa.

88 800 91 804 ¹
136 814 337 847 Substantia
364 814 462 846 firma
489 812 794 853 subcartilaginea.
844 812 945 845 Color
969 812 1098 853 plantae
1120 811 1268 854 junioris
1295 815 1500 857 coccineus,
1529 814 1655 847 adultae

134 882 411 915 purplll'fiSCOssS.

229 932 347 964 Status
374 939 479 973 supra
506 930 702 972 descriptos
731 929 774 962 ad
800 937 903 963 unam
930 929 1147 972 eandemque
1174 931 1328 971 speciem
1353 932 1539 974 pertinere,
1555 931 1656 964 nullis

136 992 275 1023 omnino
311 990 425 1022 dubiis
460 998 583 1022 vacare
620 989 793 1021 existimo.
842 987 912 1020 Nec
940 987 1021 1020 mibi
1050 988 1193 1021 dubium
1221 991 1303 1030 quin
1333 988 1528 1031 Synonyma
1555 989 1656 1021 allata

134 1049 363 1089 Kijtzingiana
390 1049 452 1081 hos
480 1048 636 1080 diversos
663 1050 773 1080 status
802 1049 973 1089 spectant.
1008 1047 1057 1080 Ex
1077 1047 1276 1080 nominibus
1297 1047 1420 1091 tribus,
1437 1048 1562 1090 quibus
1581 1049 1657 1081 illos

136 1109 341 1151 designavit,
371 1109 448 1150 jure
487 1115 563 1139 meo
599 1106 682 1138 illud
715 1106 888 1148 adoptavi,
915 1105 1007 1148 quod
1035 1107 1069 1138 et
1096 1106 1175 1138 liuic
1202 1106 1334 1147 speciei
1363 1107 1448 1138 satis
1474 1106 1657 1140 characte-

135 1168 292 1199 risticum
321 1169 355 1199 et
381 1167 456 1199 aliis
484 1166 671 1207 speciebus
700 1174 767 1197 non
796 1166 897 1197 antea
923 1167 1129 1206 usurpatum
1146 1164 1219 1198 fuit.
1246 1163 1390 1197 Nomine
1406 1165 1439 1197 L,
1456 1166 1657 1205 glomeratae

133 1227 286 1267 primum
312 1235 328 1258 a
358 1224 539 1264 Kiitzingio
580 1223 756 1264 descripta
794 1223 932 1255 videtur
958 1222 1082 1264 (Molzl.
1115 1221 1192 1255 Boc.
1227 1221 1313 1255 Zez't.
1348 1221 1434 1255 4847
1455 1233 1490 1266 p.
1516 1223 1566 1266 2),
1594 1222 1656 1255 sed

135 1284 200 1316 alia
238 1283 271 1315 L.
313 1283 503 1324 glomerata
541 1281 643 1315 Sulir.
684 1284 785 1315 antea
819 1281 890 1323 jam
928 1281 993 1315 fuit
1017 1281 1193 1323 Algologis
1220 1281 1415 1326 distributa,
1443 1283 1566 1315 sinon
1593 1282 1657 1315 de-

135 1343 280 1384 scripta.

137 1446 198 1483 ⁶20.
232 1449 263 1483 L.
295 1449 546 1484 Buoxcmnru
580 1444 636 1491 [J.
676 1446 742 1493 Ay.
783 1444 906 1494 Symb.
942 1455 980 1493 p.
1012 1444 1084 1493 ΞΟ)
1119 1445 1255 1483 fronde
1286 1445 1395 1495 plana
1425 1448 1562 1484 eost-ata
1595 1446 1656 1483 di-

246 1515 361 1551 sticbe
405 1514 917 1563 decomposito-pinnatifida
963 1516 1000 1551 et
1043 1526 1061 1551 a
1105 1518 1208 1552 costa
1250 1513 1445 1565 prolifera,
1477 1514 1655 1552 foliorum

246 1583 395 1620 racbide
427 1583 576 1619 inferne
609 1582 742 1620 latiore
775 1581 997 1618 nudiuscula
1030 1592 1194 1630 superne
1225 1581 1485 1633 pinnatisecta,
1509 1582 1655 1620 laciniis

245 1650 500 1698 suboppositis
531 1648 909 1688 clavato-linearibus
942 1648 1134 1698 truncatis,
1167 1649 1369 1686 fructiferis
1374 1679 1538 1689 .....

227 1727 416 1760 Laurencia
440 1728 672 1768 Brongniartii
698 1724 730 1758 J.
757 1726 814 1769 Ay.
844 1725 863 1758 l.
890 1735 922 1759 c.
948 1723 1051 1758 Ix'ttlz..
1077 1723 1134 1768 Sp.
1160 1724 1230 1768 Alq.
1254 1734 1288 1767 p.
1314 1725 1390 1759 856.

244 1798 330 1836 llab.
376 1799 422 1836 ad
467 1811 551 1837 oras
595 1798 707 1836 lndiae
752 1797 1019 1847 occidentalis,
1066 1808 1086 1833 e
1128 1795 1352 1845 Mai-unique
1398 1798 1482 1845 (ΙΙΙ).
1529 1802 1652 1837 Bron-

135 1867 312 1916 gniartl).
1098 1873 1102 1875 “

227 1945 334 1978 Frons
361 1945 433 1977 sere
461 1943 691 1986 ss-pollicaris,
725 1942 822 1974 caule
849 1942 1055 1985 incrassato,
1082 1941 1124 1974 ob
1152 1942 1284 1974 costam
1311 1944 1345 1974 et
1371 1943 1544 1983 margines
1569 1952 1653 1985 pro-

136 2005 328 2036 eminentes
355 2003 616 2045 subtetragono,
644 2001 804 2043 foliisque
821 2009 838 2033 a
854 2002 1007 2041 margine
1023 2003 1057 2032 et
1071 2002 1168 2033 costa
1183 2000 1459 2042 prolificantibus
1474 2005 1652 2036 constans.

133 2062 227 2094 Folia
253 2061 565 2103 3—5-pollicaria3
590 2061 722 2092 minora
749 2059 964 2102 pinnatifida,
980 2057 1110 2100 majora
1125 2067 1276 2100 superne
1291 2059 1504 2103 pinnatifida,
1519 2059 1652 2093 inferne

134 2120 260 2152 foliolis
288 2129 306 2152 a
333 2123 430 2152 costa
456 2121 514 2151 aut
540 2119 694 2158 margine
720 2116 998 2158 prolificantibus
1025 2116 1150 2148 obsita.
1176 2115 1301 2148 Rachis
1318 2115 1386 2149 folii
1405 2121 1503 2151 extra
1518 2120 1652 2151 costam

133 2181 396 2220 percurrentem
435 2178 534 2220 alata,
573 2176 706 2209 inferne
747 2173 886 2218 ’ΝΛΞ-2
926 2176 1046 2217 lineas,
1086 2183 1236 2216 superne
1277 2172 1390 2219 4-—1s2
1415 2176 1541 2208 lineam
1566 2177 1652 2219 lata,

134 2236 282 2268 Lacinioe
316 2235 387 2268 folii
420 2235 602 2267 inferiores
633 2235 709 2268 basi
741 2234 863 2266 latiore
895 2232 1209 2276 subdeltaesormes,
1245 2235 1374 2266 sensim
1402 2233 1568 2267 obsoletae
1595 2243 1652 2267 ra-

135 2294 270 2326 cliidem
308 2294 434 2326 nudam
470 2293 635 2325 linearem
673 2293 828 2333 margine
866 2291 1073 2333 inaequalem
1112 2292 1327 2334 linquentes,
1365 2292 1499 2325 laciniae
1526 2293 1650 2325 mediae

133 2352 348 2395 prolongatae
375 2351 598 2393 pinnatifidae,
626 2352 825 2393 superiores
852 2349 1029 2391 simplices
1056 2349 1204 2382 lineares
1230 2351 1400 2383 truncatae
1426 2350 1514 2382 2——3
1540 2350 1650 2383 lineas

134 2411 258 2453 longae,
285 2418 406 2442 omnes
432 2409 510 2450 plus
537 2410 650 2440 minus
677 2409 880 2448 regulariter
906 2408 1087 2450 oppositae,
1115 2409 1286 2449 patentes.
1332 2408 1456 2441 Axillae
1483 2410 1572 2441 inter
1599 2409 1651 2440 la-

135 2469 244 2500 cinias
272 2468 530 2509 adproximatas
558 2470 681 2499 acutae.
731 2465 877 2498 Fructus
904 2466 936 2497 in
963 2466 1092 2497 nostris
1118 2475 1187 2497 non
1213 2465 1302 2498 bene
1328 2466 1471 2508 evoluti,
1500 2466 1647 2509 laciniae,

135 2535 221 2568 quas
256 2526 393 2558 demum
425 2523 613 2564 sporiferas
647 2525 819 2566 suspicor,
846 2525 927 2555 sunt
952 2524 1051 2564 apice
1078 2524 1333 2566 verruculosae3
1359 2524 1393 2555 in
1420 2523 1496 2555 aliis
1523 2524 1650 2556 adsunt

133 2585 332 2625 pericarpia
369 2583 562 2625 scutellata,
598 2592 640 2615 ex
667 2584 766 2623 apice
792 2583 909 2614 inflato
935 2582 1073 2614 laciniae
1099 2581 1264 2624 formata,
1291 2582 1485 2615 antheridia
1513 2583 1649 2614 exoleta

133 2643 168 2674 in
207 2642 258 2674 bis
296 2642 413 2675 videre
453 2641 596 2674 credidi.
656 2640 755 2673 Color
794 2640 865 2673 fere
891 2640 1073 2672 lateritius.
1123 2640 1324 2673 Substantia
1350 2639 1458 2671 firma.
1508 2639 1647 2672 Cellulae

134 2699 318 2731 interiores
345 2699 521 2742 oblongae,
553 2708 631 2741 quae
658 2700 790 2731 costam
818 2697 974 2731 efficiunt
998 2698 1184 2742 longiores,
1209 2700 1334 2732 vicinis
1361 2698 1522 2741 alternis,
1548 2700 1648 2731 exte'-

135 2758 244 2789 riores
271 2757 449 2790 breviores
476 2760 511 2790 et
536 2758 688 2790 latiores.

227 2814 370 2856 Species
397 2816 672 2858 distinctissime,
699 2825 777 2849 cum
802 2815 894 2848 nulla
921 2816 985 2848 alia
1015 2815 1114 2848 facile
1140 2814 1394 2849 confundenda.
1445 2814 1496 2846 Ob
1512 2815 1646 2846 costam

135 2869 252 2904 forsan
290 2872 393 2905 dubia
431 2875 569 2914 generis
603 2875 742 2916 species
774 2876 978 2916 censeatur,
1006 2874 1236 2917 perpendenti
1262 2881 1343 2907 vero
1369 2871 1452 2905 mihi
1478 2874 1645 2913 quantum
