1728 3110
33 124 279 169 Laurencia.
676 118 905 160 CuoNnmEAE.
1449 116 1539 155 767

140 256 264 294 stricta
310 251 618 302 supereminente
662 250 814 287 alternis
855 250 1080 298 patentibus,
1117 249 1283 298 pinnulis
1314 248 1544 297 simplicibus

142 319 518 361 clavato—linearilms
556 318 748 364 truncatis,
786 318 981 365 sporileris
1020 317 1241 355 abbreviatis
1273 316 1545 365 decompositis

142 390 335 439 fastigiatis
366 389 460 425 infra
493 387 619 435 apices
655 386 933 434 spbaerosporas
966 385 1001 421 in
1032 396 1164 422 zonam
1198 385 1372 422 collectas
1403 395 1546 432 geren-

144 460 253 508 tibus,
284 455 496 494 kernmidiis
528 455 565 491 in
596 453 749 502 pinnula
783 452 1040 490 terminalibus
1071 453 1197 490 ovans.

125 536 314 569 Laui-eneia
348 533 437 565 elata
471 530 577 564 Ham).
612 530 632 563 l.
665 540 694 563 c.
725 530 761 562 in
791 527 896 561 Hoolf.
923 526 1050 561 Jonrn.
1083 526 1135 561 VI.
1159 538 1194 571 p.
1221 529 1297 562 401.
1323 528 1406 563 Ner.
1434 532 1546 565 auslr.

31 605 64 639 p.
90 596 126 627 81
159 592 227 626 lab.
254 591 420 624 XXXIII!
445 590 543 624 h'zitz.
568 589 624 634 Sp.
651 589 720 632 Alq.
744 599 777 632 p.
805 588 868 620 856
897 587 1003 629 (excl.
1029 590 1126 628 vau).

125 652 295 685 Chondria
321 649 524 692 pinnatitida
550 658 620 681 var.
648 649 736 680 elata
766 646 822 689 Ay.
847 644 903 688 Sp.
930 645 999 688 Alq.
1026 644 1054 678 I.
1077 655 1112 688 p.
1140 644 1215 678 340.

126 710 314 743 Laurenoia
342 709 544 753 pinnatifida
571 717 640 741 var.
670 705 888 740 elata-Sond.
916 704 986 748 Alq.
1011 704 1138 738 Preiss.
1161 715 1196 748 p.
1223 705 1283 738 30!

147 781 233 820 [lab.
275 781 311 818 iu
349 780 443 817 mari
486 779 635 817 australi
675 778 719 815 ad
750 779 888 815 Novam
927 775 1157 813 [loliandiam
1188 778 1362 820 (Baumel
1392 778 1551 826 Preissl)

38 854 74 888 et
104 850 216 887 insul.
249 850 341 896 King
369 850 557 897 (Museum
587 846 764 894 Paris.!);
796 845 838 881 ad
872 843 1108 882 Tasmaniam
1140 844 1299 891 (Gunn.)

129 926 237 959 Frons
273 934 383 967 usque
416 923 683 966 sesquipedalis,
711 929 915 963 compressa
943 924 977 953 et
1003 920 1183 962 subplana,
1211 919 1342 953 inferne
1370 922 1495 954 lineam
1522 926 1556 956 et

38 987 124 1020 ultra
165 986 243 1028 lata,
282 985 398 1026 pinnis
436 982 659 1025 pinnulisque
697 982 827 1013 sensim
869 978 1140 1021 angustioribus,
1174 988 1192 1011 a
1226 982 1381 1020 margine
1407 981 1554 1014 distielie

37 1044 458 1088 pinnato-decomposita.
507 1041 624 1073 Pinnae
651 1041 856 1082 plerumque
882 1038 1087 1079 regulariter
1113 1038 1266 1080 alternae,
1293 1048 1384 1071 nunc
1407 1041 1556 1081 sparsim

39 1103 128 1136 2—:3
155 1102 369 1144 secund-atae,
397 1101 526 1142 saepius
553 1099 643 1132 binae
672 1099 922 1140 adproximatae
938 1096 1386 1138 suboppositae‚inseriores
1403 1099 1557 1140 plerum-

40 1172 107 1205 que
132 1163 307 1202 longiores
335 1164 369 1192 et
395 1168 482 1192 novo
510 1159 630 1191 ordine
656 1159 840 1199 pinnarum
873 1155 1105 1188 conformium
1130 1157 1466 1196 erecto-patentium
1493 1157 1557 1189 ob—

40 1222 137 1262 sitae3
158 1220 271 1252 axillae
298 1218 537 1270 apiitiusculre.
565 1216 718 1249 Pinnulae
746 1216 855 1248 ultimi
883 1214 1013 1247 ordinis
1031 1216 1111 1246 sunt
1128 1213 1202 1245 basi
1218 1221 1339 1254 parum
1356 1217 1557 1256 contractae,

42 1279 119 1312 dein
158 1280 321 1321 lineares,
349 1279 448 1320 apice
481 1277 616 1309 obtusae
642 1277 831 1315 truncatae3
857 1274 993 1306 steriles
1026 1269 1345 1316 ¹l2-ssprlli08m
1372 1273 1496 1315 longae,
1524 1275 1558 1305 in

42 1337 183 1370 rachide
217 1337 499 1378 supereminente
532 1335 693 1375 alternae3
732 1332 862 1365 fertiles
890 1332 1094 1374 compositae
1123 1324 1346 1369 abbreviatae‚
1375 1330 1558 1363 ilabellatae

43 1399 102 1428 aut
127 1394 423 1437 subcorymbosae,
451 1393 647 1435 fastigiatae,
682 1391 828 1432 singulis
855 1392 959 1423 ramis
986 1390 1075 1422 linea
1103 1389 1158 1421 vix
1184 1389 1415 1430 longioribus,
1442 1389 1559 1429 sphae-

44 1462 206 1496 rosporas
233 1454 370 1493 generis
396 1453 429 1484 in
454 1450 509 1483 his
534 1450 613 1483 vidi.
639 1449 836 1481 Keramidia
862 1450 895 1481 in
922 1448 1073 1490 pinnulis
1099 1447 1302 1490 terminalia,
1330 1449 1364 1479 et
1390 1448 1435 1479 ita
1458 1447 1559 1487 pedi-

45 1513 179 1555 cellata,
207 1514 318 1544 ovata.
350 1510 451 1543 Color
476 1509 605 1551 plantae
627 1507 776 1549 junioris
804 1507 874 1539 sere
890 1508 1089 1548 nominem,
1105 1505 1285 1538 adultioris
1300 1513 1559 1546 purpurascens

45 1571 254 1612 demumque
291 1569 509 1610 expositione
550 1565 755 1599 lascescens
792 1568 852 1598 aut
887 1566 996 1605 magis
1033 1566 1067 1596 in
1105 1563 1235 1596 fulvum
1261 1563 1419 1596 tendens.
1468 1562 1560 1595 Sub-

45 1630 171 1663 stantia
194 1628 341 1670 Junioris
368 1625 645 1667 membranacea,
673 1624 792 1656 senilis
819 1623 1124 1662 subcartilaginea.

139 1686 216 1719 Sec.
245 1685 376 1726 Harvey
402 1686 456 1716 est
480 1683 555 1715 haec
581 1683 720 1724 species
748 1682 858 1721 magis
886 1682 1082 1722 composita
1109 1682 1143 1712 et
1161 1680 1276 1712 laetius
1292 1680 1443 1712 colorata
1460 1687 1563 1720 quam

45 1746 80 1779 L.
106 1744 327 1787 pinnatitida3
354 1744 517 1783 respectu
544 1739 793 1781 magnitudinis
820 1748 958 1781 quoque
985 1739 1176 1779 angustior.
1224 1736 1301 1769 Jam
1328 1737 1386 1769 diu
1413 1736 1501 1768 banc
1530 1737 1564 1768 in

47 1803 207 1836 herbario
232 1804 271 1835 ut
295 1802 449 1843 speeiem
475 1800 651 1842 propriam
677 1798 875 1840 designavi3
911 1797 1042 1839 Harvey
1068 1798 1200 1838 primus
1228 1796 1321 1828 illam
1347 1798 1384 1828 ut
1409 1796 1565 1838 speeiem

49 1863 222 1895 diversam
247 1859 473 1903 proposuisse
499 1857 647 1890 videtur.

50 1977 114 2017 28.
146 1980 178 2015 L.
210 1983 385 2014 FLEXUOSA
418 1971 472 2018 (J.
504 1974 568 2021 Aq.
608 1974 744 2018 mser.)
779 1970 1194 2020 coccineo-purpurea,
1225 1969 1361 2007 fronde
1394 1970 1565 2018 compla-

160 2047 243 2081 nata
282 2042 439 2080 disticbe
477 2039 934 2090 decomposito-pinnata,
971 2039 1096 2087 pinnis
1136 2038 1173 2075 in
1213 2038 1363 2075 racliide
1401 2038 1566 2074 flexuosa

161 2112 372 2161 patentibus
403 2110 558 2147 alternis
588 2120 686 2157 saepe
717 2108 775 2145 hic
805 2107 880 2144 illic
905 2106 1130 2155 secundatis,
1149 2105 1313 2154 pinnulis
1330 2104 1566 2142 subclavato-

165 2179 368 2218 linearibus
412 2177 564 2225 oblique
616 2175 797 2214 truncatis
841 2175 1024 2224 apiceque
1070 2173 1324 2223 subcrenatis,
1376 2169 1568 2220 sporiseris

164 2247 362 2294 corymbos
412 2245 550 2282 densos
594 2242 845 2281 formantibus
896 2242 1150 2279 teretiusculis
1200 2241 1477 2288 spbaerosporas
1530 2237 1567 2272 in

167 2314 319 2351 fasciam
351 2312 527 2351 collectas
557 2311 653 2348 infra
683 2310 830 2360 apicem
861 2308 1093 2359 gerentibus,
1113 2307 1327 2345 lteramidiis
1344 2303 1568 2353 hemisphae-

167 2383 253 2420 ricis
284 2383 320 2419 in
352 2380 485 2430 pagiua
516 2380 716 2416 incrassata
747 2377 966 2426 aggregatis.

149 2458 314 2492 Laurenc.
341 2459 495 2490 flexuosa
523 2453 620 2488 Kena.
649 2464 699 2497 sp.
722 2464 756 2497 p.
783 2454 864 2487 856!
892 2453 1071 2494 (sterilis).

150 2517 185 2549 L.
212 2518 402 2557 glomerata
427 2513 527 2548 Jsutz.
554 2523 604 2557 sp.
624 2523 659 2557 p.
686 2513 766 2546 857!
794 2512 1073 2554 (cystocarpiis).

151 2575 188 2609 L.
213 2576 401 2617 glomerata
426 2577 459 2614 β.
486 2572 715 2615 corymbifera
741 2569 842 2604 Ix‘t'itz.
870 2570 891 2603 l.
917 2570 969 2603 0.]
997 2564 1298 2610 (sphaerosporis).

172 2646 257 2683 Hab.
288 2646 332 2683 ad
365 2648 449 2693 Cap.
480 2643 514 2681 b.
545 2643 630 2692 Spei
662 2645 776 2690 (Mus.
809 2640 928 2680 Paris!
960 2639 1136 2688 Pappel).

155 2723 323 2764 Caespites
351 2732 367 2754 a
394 2721 511 2754 radice
537 2719 665 2752 fibrosa
692 2718 904 2759 densissimi,
930 2713 1239 2754 3-4-pollicares.
1266 2707 1418 2740 Frondes
1434 2708 1570 2740 steriles

65 2779 135 2812 fere
161 2781 284 2822 pIanae,
311 2789 328 2812 a
356 2780 510 2819 margine
535 2779 698 2820 pinnatae,
732 2778 849 2818 pinnis
883 2772 1065 2815 aliquando
1093 2770 1147 2801 hio
1173 2769 1242 2801 illie
1267 2768 1315 2799 ita
1342 2767 1510 2807 elongatis
1537 2769 1573 2798 ut

65 2838 136 2871 sere
175 2837 383 2870 dichotomae
421 2838 621 2878 appareant.
682 2835 807 2867 Raetiis
845 2835 934 2866 inter
970 2831 1093 2872 pinnas
1126 2829 1292 2868 flexuosa,
1318 2832 1423 2865 snpra
1449 2824 1571 2865 pinnas

65 2904 186 2937 parum
223 2897 457 2939 proeminens,
498 2903 592 2936 saepe
629 2894 769 2936 oblique
806 2894 959 2926 incurva.
1016 2887 1133 2919 Pinnae
1160 2885 1318 2919 distichae
1345 2885 1378 2915 et
1402 2885 1573 2925 patentes,

1386 2940 1447 2973 50*
