1728 3110
158 145 181 185 3
193 144 213 185 2
223 146 248 183 ⁰
780 141 1066 183 RHODOMELEAE·
1347 146 1685 199 Acanthophora.

244 273 429 306 Asfinibus
468 274 663 317 speciebus
700 275 739 307 in
776 284 913 317 genere
952 275 1083 307 similis
1110 277 1148 307 at
1174 274 1368 308 robustior
1394 276 1430 306 et
1462 275 1578 316 magis
1607 273 1684 316 ple-

155 342 313 374 rumque
340 342 505 371 carnosa,
532 333 647 365 ramis
675 333 721 366 ob
747 332 915 366 ramulos
942 335 1074 377 szepius
1100 333 1292 366 breviores
1321 335 1358 365 et
1384 333 1461 365 fere
1487 342 1590 375 aeque
1605 332 1686 365 lon—

153 399 218 431 gos
257 389 401 422 ambitu
438 390 662 433 linearibus·7
703 393 820 434 magis
859 391 1021 435 denique
1063 391 1287 434 regulariter
1320 392 1503 435 pinnatim
1531 401 1687 430 ramosa,

153 450 189 479 et
225 449 255 479 si
293 448 460 481 ramulos
488 449 868 492 multifido-spinosos
895 451 1059 492 excipias
1087 450 1251 490 inermis,
1278 449 1312 481 h.
1341 460 1371 483 e.
1399 450 1515 492 spinis
1545 449 1687 491 simpli-

153 505 257 537 cibus
282 506 338 547 (in
366 506 471 539 caule
499 507 686 550 ramisque
714 508 853 550 sparsis
882 507 948 540 Ac.
976 507 1130 547 Delilei)
1158 518 1300 540 carens.
1345 508 1449 541 Rami
1478 508 1688 540 conformes

152 562 329 606 elongati,
370 564 515 596 ambitu
553 564 713 597 lineares
754 568 819 598 aut
859 565 1016 598 ramulis
1055 566 1187 598 mediis
1227 566 1532 598 excrescentibus
1570 566 1688 607 magis

152 621 364 661 lanceolati‚
402 622 556 654 ramulis
595 622 772 655 brevibus
810 623 1024 666 patentibus
1062 633 1367 667 quoquoversum
1407 621 1688 667 egredientibus

152 681 307 723 pinnati.
357 680 505 713 Ramuli
545 681 636 713 2-3»
673 680 789 713 lineas
828 680 942 723 longi,
968 683 1043 713 ima
1071 682 1149 714 basi
1178 682 1406 722 nudiusculi,
1433 682 1518 714 dein
1545 681 1688 714 densis-

153 739 245 770 sime
272 749 577 782 quoquoversum
607 739 724 782 spinis
749 738 928 771 brevibus
956 740 1093 771 conicis
1120 744 1183 772 aut
1204 739 1437 782 juvenilibus
1465 740 1583 782 magis
1601 739 1688 771 sub-

153 795 267 828 ulatis
305 798 448 836 armati,
489 796 638 829 demum
676 806 774 829 nova
812 798 905 829 serie
931 797 977 829 ab
1003 797 1121 830 axilla
1147 798 1340 841 spinarum
1367 797 1523 830 evoluta
1548 797 1688 829 incras-

155 855 223 886 sati
263 855 300 886 in
340 854 462 887 media
500 856 606 897 parte
645 857 681 886 et
707 854 927 887 densissime
955 854 1183 899 thyrsoidei3
1215 855 1403 897 juveniles
1430 854 1567 887 ramuli
1594 853 1688 886 axil-

154 912 263 951 lares,
290 912 334 945 ab
361 913 565 945 incrassata
592 913 672 946 basi
695 914 808 956 spinae
825 916 1069 956 emergentes,
1085 916 1127 947 ut
1143 917 1363 946 excrescunt
1380 914 1524 957 spinam
1540 912 1685 945 bracte—

155 972 279 1001 antem
320 980 445 1002 secum
476 970 664 1011 tollentes,
689 970 814 1003 nullas
841 972 967 1014 spinas
993 972 1031 1003 in
1059 971 1212 1004 rachide
1239 972 1390 1004 demum
1417 971 1687 1014 relinquentes.

154 1026 334 1060 Stichidia
360 1037 510 1071 quoque
537 1028 719 1068 axillaria,
751 1028 829 1061 basi
857 1029 1011 1062 denium
1037 1032 1229 1062 contracta
1256 1032 1375 1069 ovata,
1395 1028 1579 1071 juvenilia
1594 1028 1688 1061 mol-

153 1084 236 1125 lius,
263 1086 451 1119 adultiora
478 1087 636 1128 rigidius
664 1088 826 1130 spinosa,
854 1086 1132 1131 ssdnrrosporas
1159 1097 1312 1131 quoque
1332 1089 1370 1120 in
1388 1089 1493 1130 parte
1510 1087 1687 1119 inferiore

153 1145 253 1176 inter
279 1146 403 1188 spinas
431 1145 654 1178 evolventia.
705 1145 949 1190 Cystocarl'tia
976 1157 1129 1191 quoque
1154 1148 1192 1179 in
1219 1147 1376 1180 ramulis
1403 1149 1440 1178 at
1467 1146 1579 1190 paulo
1606 1146 1688 1178 lon-

153 1203 334 1245 gioribus,
373 1204 533 1247 ideoque
572 1204 798 1247 adparenter
836 1206 959 1237 forsan
988 1207 1109 1238 minus
1136 1206 1250 1238 dense
1276 1206 1447 1249 spinosis,
1473 1206 1510 1237 in
1538 1214 1687 1247 quoque

153 1261 277 1305 pluria
304 1263 449 1302 seriata,
476 1263 512 1295 in
539 1262 654 1295 axilla
681 1264 796 1306 spina}
823 1264 979 1309 sessum,
1007 1274 1123 1308 eaque
1138 1264 1279 1297 reflexa
1296 1263 1688 1305 calcarata‚0blong0-

155 1323 274 1352 ovata.

257 1378 365 1410 Rami
401 1380 562 1422 caespitis
599 1381 763 1423 primum
802 1380 952 1412 formati
991 1379 1256 1412 decumbentes
1294 1381 1330 1411 et
1363 1379 1565 1421 compressi
1597 1376 1687 1409 1111111

154 1435 430 1479 adparuerunt3
470 1438 606 1469 sensim
642 1447 731 1470 vero
772 1437 938 1479 elongati
966 1437 1202 1470 teretiusculi
1228 1437 1391 1470 evadunt
1417 1440 1452 1469 at
1479 1435 1598 1469 adhuc
1625 1436 1687 1468 de-

153 1494 383 1534 cumbentes,
420 1495 578 1528 flexuosi
616 1495 831 1528 divaricatis
857 1496 970 1528 ramis
998 1495 1112 1528 obsiti
1138 1499 1174 1527 et
1200 1496 1374 1536 intricati,
1401 1495 1569 1538 caespites
1595 1503 1687 1536 vage

153 1552 286 1584 effusos
315 1555 350 1584 et
377 1552 644 1585 decumbentes
671 1554 834 1585 formare
861 1552 1029 1595 conjicio.
1057 1554 1268 1597 Specimina
1294 1564 1341 1586 ex
1356 1552 1426 1586 hoc
1443 1553 1563 1585 stadio
1581 1553 1686 1596 quasi

153 1609 333 1651 primario
371 1612 462 1642 sunt
488 1621 586 1642 nunc
613 1610 797 1651 breviora,
832 1621 929 1643 nunc
959 1610 1132 1653 elongata
1158 1614 1194 1643 et
1221 1612 1411 1654 tenuiora3
1439 1610 1575 1643 1111111111
1603 1613 1688 1642 sunt

152 1667 346 1700 breviores
373 1672 408 1700 et
437 1669 552 1711 spinis
579 1670 763 1712 praecipue
790 1670 893 1712 apice
920 1671 1130 1702 numerosis
1157 1672 1193 1702 et
1219 1670 1433 1703 divaricatis
1463 1670 1570 1712 quasi
1592 1668 1687 1701 111111-

153 1724 246 1757 tifidi
285 1725 475 1769 adparent7
513 1726 641 1770 quales
678 1728 715 1759 in
762 1728 868 1760 icone
906 1728 1233 1761 Lamourouxiana
1269 1728 1403 1761 rudius
1440 1726 1687 1770 exhibentur3

154 1783 302 1816 tenuior
329 1786 364 1815 et
391 1784 568 1826 gracilior
594 1785 715 1817 forma
741 1785 909 1818 ramulos
939 1785 1059 1819 multo
1088 1785 1330 1819 distantiores
1351 1795 1495 1828 gerens,
1508 1785 1687 1828 adspectu

154 1841 303 1874 diverso
342 1843 510 1885 insignis.
562 1844 788 1885 Fragmenta
814 1843 926 1885 hujus
952 1847 1103 1887 arrepta
1129 1847 1164 1876 et
1189 1845 1365 1876 intricata
1391 1844 1428 1876 in
1455 1843 1687 1877 collectioni-

153 1899 222 1931 bus
261 1910 354 1943 saepe
391 1904 645 1934 asservantur.
695 1902 801 1934 Rami
831 1902 969 1944 singuli
997 1906 1104 1934 extra
1132 1902 1287 1944 plexum
1315 1902 1532 1945 primarium
1560 1901 1686 1943 0105111-

154 1958 199 1989 tis
229 1959 366 1990 sensim
394 1960 568 1999 eminent,
590 1960 729 1992 formas
747 1959 968 1993 exhibentes
984 1971 1076 2004 quas
1092 1971 1202 2004 supra
1217 1961 1406 1993 delineare
1423 1962 1578 1993 conatus
1593 1970 1686 1992 sum.

243 2014 384 2048 Fucum
408 2016 729 2059 acanthophoruin
758 2018 919 2050 Turneri
945 2018 989 2050 ad
1018 2018 1086 2050 Ac.
1112 2018 1245 2051 Delilei
1272 2028 1351 2051 esse
1377 2018 1624 2057 referendum,
1651 2020 1687 2049 et

154 2083 199 2104 ex
238 2072 367 2105 habitu
406 2077 442 2105 et
481 2085 502 2106 a
530 2076 649 2117 patria
675 2076 844 2117 (specim.
871 2075 1059 2118 depictum
1087 2086 1106 2107 e
1132 2077 1225 2108 mari
1253 2076 1370 2109 rubro
1396 2075 1569 2117 conjicio)
1597 2086 1687 2107 con-

154 2131 306 2163 cludere
333 2131 429 2164 ]icet.
479 2133 621 2166 Fucum
650 2133 864 2176 spiciferum
893 2133 1018 2166 Vahlii
1044 2133 1090 2166 acl
1116 2133 1182 2167 Ae.
1202 2133 1343 2167 Thierii
1359 2135 1555 2177 pertinere,
1570 2134 1685 2176 speci-

154 2190 253 2221 mine
279 2200 325 2221 ex
350 2190 505 2222 Herbar.
534 2191 718 2223 Hoffman.
747 2191 846 2233 quod
880 2194 1003 2224 tamen
1031 2202 1076 2224 an
1102 2191 1362 2225 anthenticum
1389 2193 1436 2224 sit
1466 2193 1603 2232 neseio,
1629 2201 1686 2224 as-

153 2248 281 2280 sumsi.
333 2246 397 2280 Ch.
437 2247 650 2280 muscoides
675 2249 790 2281 Mont.
816 2251 909 2289 (non
935 2249 1024 2292 Ag.)
1051 2251 1106 2282 est
1133 2252 1234 2283 certo
1263 2250 1330 2283 Ac.
1357 2249 1511 2283 Thierii.
1561 2249 1685 2292 Speci-

155 2314 234 2337 men
263 2305 478 2347 Europeum
506 2306 658 2338 unicum
687 2306 775 2338 vidi.

246 2363 386 2395 Errore
413 2363 575 2406 quodam
603 2364 742 2395 factum
771 2366 862 2406 puto
890 2367 928 2395 ut
955 2363 1030 2396 11100
1059 2366 1200 2408 species
1226 2365 1272 2397 ad
1298 2364 1440 2397 insulas
1466 2362 1686 2396 Malozssnuas

155 2418 251 2451 lecta
287 2420 430 2452 seratur
467 2420 549 2460 (cfr.
591 2419 660 2462 Af!-
691 2418 756 2460 Sp.
784 2422 819 2452 et
840 2418 961 2453 Harv.
987 2419 1076 2453 Ner.
1105 2420 1237 2455 Austr.
1261 2430 1302 2463 p.
1329 2422 1402 2462 34).
1450 2421 1489 2453 In
1517 2421 1586 2454 Hb.
1613 2420 1684 2462 Ag.

154 2477 300 2510 nullum
339 2489 385 2510 ex
423 2477 493 2511 1100
525 2478 609 2511 loco
643 2478 758 2510 natali
785 2479 971 2520 specimen
1001 2484 1266 2524 conservatur·⁷
1293 2480 1398 2513 adest
1424 2489 1513 2512 vero
1539 2479 1583 2511 ad
1610 2478 1684 2511 Ins.

151 2534 368 2577 Marianas,
408 2536 477 2569 sub
514 2536 647 2568 itinere
685 2537 911 2577 Freycinetii
944 2537 1083 2569 lectum
1110 2539 1308 2581 specimen,
1342 2538 1442 2582 quod
1475 2538 1593 2570 errori
1620 2547 1684 2568 an-

153 2603 231 2625 sam
258 2594 405 2626 dedisse
432 2594 601 2636 conjicio.
652 2595 761 2636 Quod
790 2604 878 2627 vero
906 2597 1092 2637 specimen
1122 2606 1196 2629 non
1222 2596 1268 2629 ad
1294 2596 1362 2629 Ac.
1389 2596 1531 2629 Thierii
1558 2605 1681 2627 veram

156 2652 325 2693 pertinet,
352 2651 414 2684 sed
442 2652 488 2685 ad
514 2652 580 2685 Ac.
609 2651 842 2685 orientalem.

153 2798 190 2836 5.
221 2798 294 2836 Ac.
326 2810 564 2837 ORiENTALIS
597 2799 649 2848 (J
679 2798 754 2847 Ay.
783 2802 910 2848 mser.)
942 2799 1181 2838 fruticulosa
1209 2798 1332 2837 ramis
1363 2799 1560 2849 eauleque
1586 2812 1682 2839 con-

263 2864 460 2903 formibus
499 2865 625 2904 dense
655 2870 696 2904 et
724 2865 924 2917 pinnatim
955 2867 1184 2914 ramulosis,
1216 2866 1343 2919 spinis
1374 2866 1495 2904 nullis
1526 2866 1681 2918 simpli-
