1728 3110
69 93 407 147 Acamlmplmra.
689 90 974 134 RHODOMELEAE.
1505 94 1529 135 8
1544 93 1595 137 45

179 222 313 269 Suppl.
344 222 426 260 III.
448 234 490 270 p.
521 220 585 260 47.
616 222 735 259 Kritz.
766 223 919 271 Phycol.
946 236 1073 271 ρεπεν.
1095 237 1137 273 p.
1167 224 1245 264 437
1278 229 1318 264 et
1350 226 1414 274 Sp.
1444 226 1532 275 Azy.
1557 240 1598 275 p.

178 288 271 326 858.
315 289 438 326 Harv.
484 289 574 327 Ner.
619 288 754 326 Austr.
784 302 827 337 p.
864 290 916 328 34
947 295 987 329 et
1016 292 1108 330 Bor.
1138 292 1266 331 Amor.
1298 294 1354 331 II.
1377 306 1419 342 2).
1451 293 1515 333 17.
1545 317 1600 324 --

179 355 399 394 Chondriae
430 368 488 407 sp.
519 355 594 404 Ay.
625 359 661 393 et
688 355 802 393 Amet.

68 435 195 474 Frons
239 434 500 472 teretiuscula
546 434 1024 486 decomposito-ramosa,
1070 437 1196 487 spinis
1241 438 1395 477 conicis
1432 443 1598 486 armata,

183 501 288 539 intra
319 501 513 539 corticem
546 501 846 553 polysiphonia‚
878 502 1037 540 cellulis
1069 515 1216 555 nempe
1247 504 1270 542 5
1302 505 1410 543 circa
1441 509 1597 544 centra-

179 568 259 606 lem
306 568 346 606 in
392 557 532 606 orbem
572 568 780 620 dispositis
812 569 1079 620 aequelongis‚
1112 571 1351 621 cellulisque
1383 573 1597 611 exteriori-

175 635 250 674 bus
293 634 550 674 brevioribus
590 635 629 673 in
664 635 878 673 corticales
912 636 1087 674 minutas
1118 637 1360 676 abeuntibus
1391 643 1595 677 contexta.

177 703 347 740 Fructus
393 715 415 739 a
459 702 616 740 ramulo
661 703 700 740 in
747 703 871 740 axilla
920 703 1048 754 spinzn
1094 703 1256 743 evoluto
1310 705 1597 744 transformati.

178 770 413 808 Hera—»ridica
461 770 668 807 urceolata
712 769 815 806 intra
862 769 1133 821 pericarpium
1173 769 1426 816 cellulosum,
1458 784 1598 823 carpo-

180 837 326 876 stomio
374 841 572 889 apertum,
619 836 841 888 gemmidia
887 837 1062 875 obovata
1108 837 1146 875 in
1193 837 1364 875 articulo
1395 838 1598 876 terminali

179 905 354 952 filorum,
385 918 408 943 a
438 905 625 957 placenta
658 905 918 950 radiantium,
951 904 1144 943 foventia.
1203 905 1394 943 Ste'elefidja.
1424 906 1599 957 oblonga

179 972 344 1024 spinosa
389 972 692 1024 spllaerosporas
738 971 1000 1009 circumcirca
1048 972 1086 1009 in
1134 972 1292 1010 cellulis
1339 972 1599 1010 articulorum

181 1038 378 1084 evolutas,
426 1038 629 1090 triangule
677 1038 841 1084 divisas,
873 1038 1066 1077 foventia.
1099 1039 1235 1088 (lom.
1267 1039 1381 1087 Phys».
1410 1051 1495 1086 yon.
1529 1040 1600 1076 tab.

179 1105 244 1143 52.
276 1105 345 1142 IV
369 1108 404 1143 et
441 1105 497 1156 V.)

178 1172 361 1211 Frondes
392 1176 577 1210 recentes
608 1184 823 1223 purpureae
855 1175 924 1210 aut
954 1172 1215 1218 virescentes,
1241 1172 1518 1211 exsiccatione
1539 1171 1597 1210 fa.-

70 1238 188 1277 cilius
233 1238 494 1289 nigricantes,
540 1239 728 1290 czespites
774 1238 957 1277 efficiunt
1002 1239 1091 1290 plus
1138 1238 1268 1276 minus
1299 1251 1516 1290 expansos,
1548 1251 1600 1277 ex

71 1306 217 1356 quibus
248 1305 419 1357 singulae
451 1306 626 1355 majores
659 1310 905 1344 excrescunt
936 1310 977 1344 et
1006 1306 1226 1344 fructifer-{c
1258 1306 1445 1343 evadunt.
1500 1305 1601 1343 Sunt

71 1374 133 1413 hae
178 1373 327 1425 saepius
373 1373 653 1411 erectiusculae
700 1376 737 1410 et
785 1374 874 1425 plus
928 1373 1060 1411 minus
1112 1373 1600 1424 decomposito-ramosoe,

70 1440 225 1479 ambitu
270 1440 551 1492 pyramidatae,
596 1440 718 1478 ramis
764 1441 1028 1479 inferioribus
1073 1441 1221 1478 sensim
1268 1439 1502 1489 majoribus,
1534 1442 1602 1476 aut

71 1507 200 1558 magis
245 1507 399 1545 ambitu
447 1505 732 1557 cylindraceae,
762 1509 885 1546 ramis
919 1507 1172 1547 brevioribus
1204 1506 1289 1544 fere.
1321 1518 1436 1556 {eque
1469 1505 1601 1555 longis

71 1573 335 1612 circumcirca
367 1574 524 1615 obsitae.
586 1573 748 1613 Ramuli
794 1575 924 1613 ultimi
957 1575 1112 1614 ordinis
1143 1578 1235 1611 sunt
1265 1573 1391 1624 spinis
1423 1571 1601 1617 minutis,

72 1641 313 1679 diametrum
344 1642 470 1693 partis
500 1642 540 1681 in
573 1655 648 1693 qua
682 1642 861 1681 insident
892 1641 1148 1693 longitudine
1174 1654 1244 1678 sua
1261 1639 1602 1689 circiteraequan-

72 1707 178 1747 tibus
226 1712 294 1745 aut
324 1708 593 1760 longioribus,
640 1709 836 1748 subulatis
867 1713 936 1747 aut
966 1708 1133 1753 conicis,
1164 1706 1433 1744 inarticuzatis
1463 1710 1532 1744 aut
1562 1706 1600 1744 in

74 1787 152 1812 una
197 1774 334 1826 specie
379 1775 616 1823 articulatis,
662 1776 894 1828 patentibus
939 1775 1202 1813 circumcirca
1245 1774 1401 1811 armati.
1464 1773 1602 1824 Spinae

73 1842 337 1888 (observante
368 1842 620 1889 Decaisneo)
652 1847 745 1880 sunt
774 1842 912 1894 spirali
946 1842 1089 1880 ordine
1120 1854 1142 1878 a
1167 1841 1310 1879 dextra
1328 1839 1601 1878 sinistrorsum

72 1908 361 1955 adscendente,
407 1909 549 1947 ordine
598 1909 644 1963 ²]ss
691 1909 913 1961 dispositae.
973 1909 1015 1946 In
1062 1908 1184 1945 axilla
1227 1907 1431 1958 spinarum
1463 1917 1602 1944 omnes

74 1987 191 2014 novae
235 1979 370 2027 partes
413 1987 557 2013 revera
601 1979 861 2027 generantur,
901 1978 941 2012 at
971 1986 1077 2012 nunc
1108 1974 1237 2024 magis
1269 1971 1602 2024 supra-axillares

74 2041 128 2080 ita
174 2046 217 2080 ut
246 2042 374 2094 spinae
406 2041 615 2094 simplices
652 2046 693 2080 et
722 2041 867 2080 ramuli
899 2041 1008 2087 novi,
1040 2054 1111 2078 suo
1145 2039 1288 2078 ordine
1319 2038 1485 2090 spinosi,
1518 2037 1601 2074 fere

74 2109 321 2147 alternantes
366 2109 564 2161 adparent
608 2108 700 2156 (Ac.
733 2108 961 2157 militaris);
993 2120 1099 2146 nunc
1130 2105 1215 2145 basi
1249 2118 1337 2143 cum
1371 2105 1455 2155 ipsa
1487 2102 1601 2154 spina

74 2175 130 2214 ita
174 2175 451 2214 coalescentes
498 2180 540 2214 ut
570 2179 838 2213 excrescente
869 2175 1025 2213 ramulo
1058 2173 1174 2224 spina
1206 2183 1367 2222 quoque
1398 2170 1437 2207 in
1470 2181 1600 2206 ramu-

74 2242 156 2279 lum
202 2241 358 2288 transit,
403 2242 510 2280 unde
555 2242 683 2293 spinae
728 2246 882 2280 tantum
915 2241 955 2278 in
988 2240 1153 2278 ramulis
1184 2238 1314 2276 ultimi
1349 2235 1501 2275 ordinis
1533 2234 1600 2272 de-

74 2308 376 2360 prehendantur
424 2307 518 2355 (Ac.
558 2308 714 2346 Thierii
746 2311 786 2346 et
816 2307 924 2356 affin
957 2318 1063 2344 nunc
1094 2305 1270 2354 denique
1301 2303 1427 2354 probe
1457 2299 1600 2337 axilla-

74 2388 151 2423 res,
183 2376 236 2415 ita
276 2380 319 2414 ut
350 2376 508 2422 ramuli,
541 2376 729 2415 stichidia
763 2380 804 2413 et
833 2374 1071 2418 keramidia,
1103 2384 1350 2423 gemmarum
1383 2369 1432 2406 ad
1463 2368 1600 2411 instar,

76 2442 115 2480 in
162 2443 289 2481 axilla
332 2442 461 2494 spinae
505 2443 702 2494 simplicis
749 2441 906 2480 sessilia
951 2441 1147 2492 adparent
1192 2437 1283 2480 (Ac.
1328 2433 1488 2478 Delilei,
1527 2432 1598 2470 Ac.

76 2509 277 2558 arborea).

185 2576 348 2615 Fronde
379 2576 553 2614 dissecta
586 2579 757 2627 apparet
787 2574 889 2612 intra
909 2572 1103 2611 corticem
1121 2568 1355 2607 continuum
1375 2577 1462 2603 esse
1480 2577 1600 2602 axem

76 2641 406 2693 polysiphonium
453 2642 697 2691 centralem3
745 2641 936 2692 siphones
982 2648 1128 2686 nempe
1177 2633 1282 2671 4-ffl5
1329 2643 1444 2681 {eque
1474 2630 1601 2682 longi,

78 2707 183 2745 circa
214 2709 435 2745 centralem
471 2708 570 2759 ipsis
602 2708 799 2757 {equalem
833 2708 901 2743 aut
931 2701 1203 2753 angustiorem
1236 2699 1275 2736 in
1309 2698 1446 2736 orbem
1466 2696 1602 2748 positi,

78 2785 197 2811 axem
247 2774 518 2822 constituunt;
572 2773 764 2824 siphones
810 2767 1099 2822 1⁴)ericentrales
1146 2763 1304 2802 cellulis
1348 2762 1602 2801 brevioribus

80 2839 308 2891 cinguntur,
354 2852 522 2889 quarum
554 2839 768 2877 interiores
801 2835 953 2875 ambitu
985 2833 1176 2885 siphones
1208 2831 1293 2869 fere
1324 2834 1498 2880 aequant,
1531 2842 1602 2867 ex-
