1728 3110
88 81 107 123 1
122 82 140 122 1
156 80 209 122 18
704 76 988 118 Rflonolfflnzffi.
1416 76 1598 120 Vidalia.

80 210 230 249 sensim
261 209 416 249 firmior
446 208 603 247 caulem
633 206 817 246 efficiens
847 206 1066 259 ancipitem
1098 209 1166 244 aut
1195 205 1513 251 teretiusculum‚
1543 204 1600 242 la-

80 277 188 315 mina
220 277 404 317 obsoleta
435 276 693 324 denudatum,
725 275 976 326 expansione
1007 277 1161 312 scutata
1190 273 1357 312 radicali
1382 272 1600 311 suffultum.

80 345 250 383 Fructus
281 349 350 382 aut
379 343 418 381 in
452 343 641 382 dentibus
671 347 739 381 aut
769 354 884 380 secus
915 345 1066 380 costam
1098 340 1265 387 evoluti,
1294 344 1491 379 structura
1506 352 1601 378 con-

81 411 305 457 venientes,
351 411 556 463 positione
587 410 627 448 in
671 409 840 448 diversis
886 409 1098 461 speciebus
1144 407 1307 446 diversi.
1367 406 1603 445 Keramidia

81 482 149 517 aut
179 478 220 516 in
250 478 616 530 prolificationibus
645 477 810 516 minutis
842 490 863 514 a
894 480 1004 515 costa
1037 476 1338 527 emergentibus
1364 475 1487 513 autin
1506 475 1602 513 den-

80 546 188 585 tibus
219 545 511 597 marginalibus
542 545 630 590 sita,
663 545 921 596 subglobosa,
965 556 1071 582 nunc
1101 543 1216 595 apice
1248 542 1374 580 sterili
1407 542 1531 594 partis
1562 541 1600 578 in

82 625 162 663 quo
196 613 375 651 insident
404 612 850 664 appendiculata,intra
879 611 1149 662 pericarpium
1182 610 1420 649 cellulosum
1453 608 1603 660 duplici

82 684 206 719 strato
237 681 475 718 cellularum
493 684 743 725 contextum,
762 679 877 730 apice
896 677 1167 729 cai-postomio
1193 681 1390 729 apertum,
1409 676 1597 714 nucleum

82 747 162 785 filis
190 747 440 786 radiantibus
471 745 872 785 articulato-clavatis
904 743 1375 795 dichotomo—fastigiatis
1410 743 1604 781 constitu-

81 819 165 853 tum
197 814 398 862 foventia3
430 813 648 866 gemmidia
681 813 721 851 in
753 812 932 850 articulis
976 811 1257 850 terminalibus
1304 810 1463 849 filorum
1510 822 1604 847 evo-

82 883 180 929 luta,
211 882 461 935 pyriformia.
510 881 705 920 Sticbidia
738 885 805 918 aut
834 881 874 918 in
907 881 1094 919 dentibus
1126 878 1375 931 prolongatis
1406 878 1605 930 pinnatim

83 949 302 988 subdivisis
332 962 354 985 a
385 948 520 1000 pinnis
552 948 846 987 transstnqnatis
877 952 962 987 orta
1006 952 1046 986 et
1075 947 1130 986 ita
1167 946 1364 999 pinnatiin
1397 945 1605 997 disposita,

85 1021 153 1055 aut
183 1015 550 1068 prolificationibus
596 1015 773 1061 minutis,
805 1028 826 1052 a
858 1014 960 1052 facie
991 1014 1111 1066 plana
1156 1014 1469 1066 emergentibus,
1502 1025 1607 1051 nunc

84 1084 132 1121 ad
164 1084 302 1122 basem
336 1083 514 1121 dentium
548 1083 806 1129 faseieulatis,
840 1095 944 1120 nunc
975 1095 1089 1120 secus
1120 1086 1273 1120 costam
1304 1081 1344 1119 in
1376 1082 1524 1119 lineam
1542 1081 1607 1118 hic

84 1150 170 1188 illic
202 1150 466 1202 interruptam
500 1150 623 1188 dense
655 1150 859 1202 congestis
899 1150 1130 1195 constituta,
1176 1148 1607 1199 lanceolam-oblonga

84 1222 152 1256 aut
180 1217 365 1263 linearia,
396 1218 575 1264 incurva,
606 1231 629 1255 a
660 1218 763 1255 facie
793 1217 910 1269 plana
945 1217 1162 1269 duplicerm
1194 1217 1243 1255 ab
1275 1216 1361 1254 acie
1379 1215 1605 1266 simplicem

84 1285 454 1337 sphoerosporarum
487 1285 632 1322 seriem
665 1284 1001 1336 longitudinalem
1035 1283 1320 1333 monstrantia;
1351 1284 1605 1335 sphaerospo-

84 1366 141 1390 rae
173 1352 308 1402 (quasi
340 1352 379 1390 in
412 1352 582 1391 articulo
615 1353 778 1393 eodem)
827 1352 1002 1403 geminas
1047 1351 1259 1403 opposita),
1290 1351 1329 1389 in
1363 1350 1519 1389 cellulis
1550 1350 1608 1389 iu-

85 1420 428 1459 fra-corticalibus
468 1419 664 1465 formatae,
704 1419 905 1470 triangule
948 1419 1249 1469 quadridivisae.
1285 1443 1335 1446 ---
1367 1417 1609 1456 Antberidia

85 1487 148 1533 (in
182 1500 259 1525 uua
290 1491 443 1525 tantum
476 1486 612 1538 specie
642 1500 665 1523 a
695 1499 759 1523 me
791 1486 1021 1529 observata)
1067 1485 1108 1523 in
1146 1485 1414 1537 processubus
1460 1484 1607 1535 margi-

86 1554 246 1593 nalibus
276 1554 454 1592 incurvis
485 1567 507 1591 a
538 1554 642 1591 facie
673 1566 857 1591 convexa
904 1553 1168 1604 emergentia,
1215 1552 1381 1599 seriatag
1407 1551 1608 1601 juvenilia

86 1621 260 1660 obovata
291 1621 427 1672 stipite
460 1621 699 1658 brevissimo
732 1620 906 1666 suffulta,
938 1620 1136 1659 adultiora
1168 1619 1335 1670 globosa
1362 1619 1466 1656 intra
1482 1630 1607 1656 mem-

87 1688 251 1725 branam
298 1688 519 1725 firmiorem
567 1692 673 1731 (arte
722 1688 1029 1735 detrahendam)
1075 1685 1326 1725 continentia
1371 1685 1609 1736 corpuscula

87 1754 241 1792 minuta
272 1755 444 1805 plurima
474 1768 799 1805 quoquoversum
832 1753 1032 1792 radiantia
1062 1752 1484 1806 pyriformi-oblonga.

196 1822 343 1861 Tribus
374 1828 442 1860 aut
474 1824 557 1860 sere
588 1823 612 1860 4
643 1823 775 1861 stratis
808 1823 978 1861 diversis
1009 1827 1201 1861 contexta
1232 1826 1291 1860 est
1322 1821 1431 1859 frons
1449 1819 1608 1866 adultag

86 1889 291 1941 primariae
323 1894 363 1927 et
392 1903 481 1940 quas
512 1891 552 1928 in
583 1890 735 1928 lamina
771 1894 862 1928 sunt
898 1889 1065 1935 intimae,
1102 1889 1340 1941 siphonibus
1370 1886 1608 1938 Polysipho-

87 1957 167 1994 niae
198 1957 396 2007 analogae,
436 1961 525 1994 sunt
571 1957 730 1995 cellulae
777 1957 949 2006 majores
996 1956 1347 2008 longitudinaliter
1392 1954 1607 2005 elongatae,

87 2022 241 2061 ambitu
272 2022 826 2073 hexagono·rectangulares‚
858 2023 908 2060 ita
943 2023 1101 2061 seriatae
1134 2027 1175 2060 ut
1204 2022 1384 2061 sectione
1411 2025 1609 2059 transver-

88 2089 162 2127 sali
193 2090 291 2128 duas
322 2090 460 2135 series,
492 2090 540 2128 ab
572 2103 651 2127 uno
683 2090 732 2127 ad
763 2090 932 2127 alterum
981 2090 1203 2142 marginem
1251 2094 1440 2128 extensas
1488 2093 1607 2138 atque

88 2156 236 2209 pagina
266 2157 387 2208 plana
417 2157 632 2208 parallelas
664 2157 855 2202 efficiant,
887 2157 1045 2195 cellulis
1090 2158 1297 2208 utriusque
1336 2156 1456 2195 seriei
1488 2156 1607 2194 alter-

90 2223 299 2273 nantibus;
330 2236 353 2261 a
384 2224 531 2275 pagina
561 2224 680 2274 plana
710 2223 904 2274 inspectae
946 2236 1066 2261 zonas
1111 2223 1413 2269 transversales,
1445 2236 1467 2260 a
1498 2225 1609 2260 costa

89 2302 228 2328 versus
258 2291 462 2342 margines
493 2291 787 2328 adscendentes
819 2290 1021 2341 efl‘iciunt3
1060 2291 1219 2329 cellulae
1250 2303 1396 2342 nempe
1427 2290 1607 2340 ejusdem

91 2371 202 2396 zonae
248 2371 328 2397 non
373 2358 538 2397 omnino
569 2371 592 2396 e
622 2358 789 2409 regione
835 2357 992 2408 posius,
1038 2358 1106 2395 sed
1153 2358 1333 2395 exterior
1364 2361 1403 2394 et
1434 2355 1607 2407 margini

89 2424 255 2476 propior
285 2425 404 2476 paulo
436 2438 554 2476 supra
586 2424 820 2463 interiorem
854 2429 894 2461 et
924 2429 1046 2462 costae
1092 2424 1424 2476 propinquiorem
1472 2423 1606 2474 dispo-

90 2491 166 2529 sita
196 2496 269 2537 est,
299 2503 377 2541 quo
410 2491 454 2530 fit
484 2496 526 2530 ut
558 2504 633 2529 una
664 2491 811 2529 cellula
855 2503 975 2541 supra
1019 2491 1185 2529 alteram
1218 2490 1394 2529 emineat
1426 2493 1465 2527 et
1495 2501 1607 2527 zonae

90 2559 383 2597 adscendentes
428 2559 660 2611 adpareant.
719 2558 827 2596 Intra
857 2557 928 2595 has
959 2558 1139 2603 cellulas,
1181 2569 1271 2607 quae
1316 2556 1606 2594 translucentes

91 2626 313 2665 areolatum
345 2630 385 2664 et
415 2630 600 2665 zonatum
632 2626 863 2676 adspectum
898 2624 1031 2662 frondi
1061 2624 1254 2670 tribuunt,
1285 2624 1325 2662 in
1357 2627 1467 2662 costa
1483 2627 1524 2660 et
1538 2634 1605 2659 ve-

91 2692 153 2730 nis
198 2692 348 2730 sensim
392 2693 575 2732 oriuntur
619 2692 777 2731 cellulae
821 2690 1027 2741 longiores
1066 2695 1106 2728 et
1135 2690 1401 2741 angustiores,
1447 2687 1605 2740 siphoni

93 2759 261 2797 centrali
291 2759 593 2811 Polysipboniae
624 2758 832 2809 analogae3
870 2757 911 2794 in
950 2762 1063 2808 parte
1088 2757 1243 2807 juniori
1273 2769 1412 2808 parum
1445 2754 1604 2805 conspi-

93 2837 192 2872 cuae,
222 2827 263 2865 in
295 2826 496 2866 adultiore
527 2832 568 2865 et
596 2826 788 2866 inferiore
827 2824 1041 2863 fasciculos
1081 2825 1282 2864 centrales
1312 2823 1495 2862 efficiunt
1523 2834 1604 2860 non
