1728 3110
1474 125 1498 141 m

56 116 302 161 Laurencia.
703 118 931 163 CuoxnmEAE.
1480 140 1491 164 c
1506 124 1564 164 69

55 250 87 280 in
114 249 251 281 caeteris
285 251 479 291 conveniat,
519 250 645 291 quanta
680 249 726 281 sit
750 249 888 282 habitus
916 251 1104 284 similitudo
1132 254 1166 285 et
1192 254 1224 285 in
1251 254 1365 286 indole
1392 254 1567 286 ramifica-

54 308 157 339 tionis
188 309 363 348 primariae
397 309 633 351 congruentia,
666 316 734 340 non
771 307 869 340 licuit
904 318 972 341 non
1006 311 1189 350 genuinam
1221 311 1445 345 Laurenciam
1480 320 1567 345 con-

53 365 218 399 siderare.

577 547 741 599 Species
772 548 1038 599 inquireudoe.

50 676 113 717 30,
143 679 176 713 L.
206 683 430 713 CANAROENsis
464 675 605 719 [Mont.
638 677 773 719 mser.)
808 676 1027 722 phycomato
1045 675 1209 712 silisormi
1231 688 1392 727 ramoso,
1411 679 1564 718 ramulis

157 741 415 791 superioribus
447 742 635 792 secundis,
667 742 920 791 cnrpoeloniis
952 743 988 780 in
1020 743 1188 791 apicibus
1220 756 1409 783 ramorum
1431 748 1564 784 erectis

158 810 618 856 racemoso-corymbosis
658 810 806 847 clavatis
846 810 1002 858 turgidis
1034 811 1140 859 apice
1173 811 1422 851 obtusissimis
1456 819 1563 853 retu-

154 879 292 927 sisque.
352 879 465 917 Iscitz.
497 879 560 926 Sp.
594 878 673 926 Alq.
702 890 740 926 p.
773 878 861 916 854.

136 957 326 990 Laurencia
352 956 567 988 canariensis
594 953 702 988 Mont.
730 964 783 998 ap.
810 954 911 988 lsmz.
939 956 959 989 l.
986 967 1015 989 c.
1043 958 1075 989 et
1099 956 1201 990 Isz‘c'lz.
1228 967 1278 1000 sp.
1301 968 1336 1001 p.
1363 959 1439 991 856.

135 1014 169 1047 L.
197 1015 383 1056 caespitosa
410 1013 518 1047 Monl.
547 1014 676 1048 Canar.
700 1024 734 1058 p.
763 1015 826 1047 454
855 1016 960 1056 (excl.
988 1019 1083 1058 syn.)
1111 1017 1167 1050 fid.
1196 1016 1297 1051 lx‘t'llz.

152 1085 238 1123 Hab.
271 1085 315 1122 ad
348 1086 489 1123 insulas
520 1086 707 1124 Canarias.

136 1161 226 1202 Quid
264 1163 308 1195 sit
344 1162 419 1195 haec
457 1164 608 1206 species,
635 1172 756 1204 parum
790 1164 908 1206 liquet.
936 1164 1120 1205 Montagne
1146 1166 1168 1197 l.
1194 1174 1225 1197 c.
1253 1174 1330 1198 cum
1356 1166 1391 1197 L.
1417 1167 1562 1209 hybrida

0 1207 2 1214 ’
43 1229 141 1253 suam
178 1221 332 1264 speciem
371 1220 562 1262 conjungit.
612 1221 755 1265 flurs-ey,
790 1223 822 1253 in
858 1221 996 1263 Pbycol.
1023 1223 1104 1254 Brit.
1133 1223 1174 1254 de
1201 1222 1390 1255 Laurencia
1417 1224 1562 1266 hybrida

42 1279 145 1311 verba
173 1277 315 1321 faciens,
343 1278 588 1318 Montagneum
614 1280 708 1321 citat,
736 1282 772 1311 ut
799 1281 854 1321 qui
883 1281 1015 1320 primus
1041 1280 1075 1313 L.
1104 1280 1282 1322 hybridam
1309 1283 1433 1314 eximie
1449 1284 1560 1314 etrite

42 1338 286 1380 descripserit,
318 1337 398 1369 binc
433 1346 573 1379 quoque
607 1346 733 1370 nomen
768 1337 801 1370 L.
829 1340 1029 1380 caespitosae
1057 1340 1187 1379 speciei
1216 1339 1422 1371 Britannicae
1449 1340 1561 1380 adop-

39 1397 134 1428 tavit.
160 1395 405 1435 Montagneum
432 1404 512 1426 vero
538 1398 660 1436 postea
682 1398 837 1438 speciem
852 1396 1096 1429 Canai-iensem
1115 1406 1132 1429 a
1148 1397 1182 1428 L.
1199 1398 1385 1439 eaespitosa
1400 1397 1558 1431 Lamour.

40 1455 213 1487 diversam
239 1454 495 1496 considerasse,
520 1453 723 1494 Kiitzingius
750 1456 879 1486 Auctor
905 1458 969 1488 est.
1020 1455 1081 1487 IIic
1108 1456 1258 1497 denique
1285 1456 1440 1496 speciem
1458 1456 1557 1489 Mon-

41 1513 156 1552 tagnei
182 1512 236 1544 bis
263 1512 451 1554 descripsit
478 1513 542 1544 sub
570 1513 691 1544 eodem
719 1513 860 1554 quidem
886 1515 1035 1556 nomine,
1063 1514 1124 1546 sed
1151 1515 1196 1546 ita
1214 1516 1343 1546 mutato
1360 1515 1392 1546 in
1410 1514 1555 1547 diversis

38 1571 126 1604 losis
153 1571 320 1613 diagnosi,
350 1574 386 1603 ut
412 1571 558 1603 eandem
584 1572 738 1613 speciem
765 1573 820 1603 vix
847 1571 1008 1612 fingeres.

39 1710 99 1749 34.
132 1714 164 1749 L.
196 1719 349 1748 SETACEA
381 1711 516 1755 (Isz'c'tz.
547 1721 603 1757 sp.
633 1721 672 1758 p.
704 1710 800 1757 854)
832 1710 1018 1747 fllisormis
1050 1710 1269 1747 tenuissima
1303 1709 1556 1747 rainosissima

146 1779 330 1829 intricata,
362 1777 523 1815 ramellis
555 1778 709 1815 minutis
741 1779 925 1827 oppositis
956 1778 1180 1815 abbreviatis
1211 1778 1433 1815 divaricatis.

132 1854 303 1888 Chondria
330 1855 491 1888 intricata
517 1853 618 1888 Ix't’c'tz.
645 1854 746 1897 Phyc.
771 1863 848 1898 qen.
872 1865 907 1898 p.
935 1854 998 1887 437
1027 1855 1114 1896 (non
1142 1853 1330 1898 Lamour.)

146 1927 232 1965 Ilab.
264 1926 301 1962 in
332 1926 425 1964 mari
457 1926 752 1965 mediterraneo.

38 2073 98 2111 32.
130 2076 161 2111 L.
192 2081 389 2111 ARBUSCULA
423 2071 560 2117 (Sond.
603 2074 644 2110 in
685 2073 801 2111 Molzl.
846 2074 927 2111 Boc.
969 2073 1073 2112 Zeit.
1121 2072 1221 2110 4845
1249 2085 1286 2120 p.
1320 2073 1388 2119 55)
1421 2073 1554 2111 fronde

144 2141 256 2178 tereti
300 2143 425 2178 erecta
468 2140 596 2187 gracili
638 2141 870 2191 subrainosa,
910 2142 1021 2179 ramis
1063 2140 1275 2189 patentibus
1307 2141 1458 2178 alternis
1490 2153 1554 2178 ra-

145 2208 291 2246 rissime
337 2207 591 2256 subopposilis
637 2209 873 2246 intermediis
916 2208 1173 2258 longioribus,
1219 2208 1373 2245 ramulis
1419 2209 1553 2245 erectis

144 2270 328 2326 oppositis
360 2276 605 2322 cylindraceis
637 2276 914 2314 obtusiusculis.

126 2353 318 2387 Laurencia
357 2352 542 2385 arbuscula
569 2351 672 2387 Sond.
699 2353 720 2386 l.
747 2364 778 2388 c.
803 2352 874 2397 Alq.
905 2353 1033 2387 Preiss.
1056 2363 1089 2396 p.
1119 2353 1171 2386 30.
1198 2351 1305 2386 Harv.
1332 2351 1415 2387 Ner.
1441 2353 1551 2386 auslr.

31 2422 65 2455 p.
92 2413 145 2445 83.
174 2410 275 2444 Ketz.
304 2420 353 2453 sp.
378 2421 414 2454 p.
440 2412 516 2445 855.

144 2482 231 2519 Hab.
263 2481 306 2518 ad
340 2483 440 2519 littus
472 2482 704 2521 occidentale
736 2487 843 2523 Novae
877 2483 1079 2522 [Iollandiae
1110 2483 1299 2530 (Preissl).

125 2559 440 2601 Bi-tri-pollicaris,
466 2559 667 2593 Laurenciae
695 2561 905 2602 dasypliyllse
933 2560 1057 2592 astinis.
1116 2560 1209 2591 Rami
1238 2561 1430 2592 intermedii
1460 2561 1550 2594 infe-

34 2617 183 2650 rioribus
221 2617 530 2659 superioribusque
571 2618 756 2661 longiores,
798 2620 1003 2661 plerumque
1041 2619 1357 2660 sesquipollicares.
1418 2619 1548 2651 Remuli

34 2677 140 2708 erecti
176 2675 228 2707 vel
263 2675 501 2718 subadpressi,
535 2677 725 2719 cylindrici,
754 2679 864 2710 rarius
890 2678 1096 2718 subclavati,
1124 2677 1176 2707 vel
1203 2676 1317 2707 medio
1345 2676 1548 2709 subincras-

34 2734 110 2774 sati,
136 2734 264 2766 lineam
290 2734 393 2775 longi,
421 2733 599 2775 simplices
624 2735 677 2767 vel
706 2736 804 2777 apice
832 2736 982 2767 ramellis
1010 2734 1250 2766 minutissimis
1276 2733 1424 2774 praediti.
1462 2735 1548 2767 Fru-

34 2793 110 2822 ctus
149 2792 269 2831 ignoti.
329 2791 530 2825 Substantia
572 2795 805 2834 cartilaginea.
869 2794 969 2826 Color
1008 2793 1112 2825 dilute
1150 2791 1263 2835 ruber,
1297 2795 1546 2826 marcescentis

33 2849 238 2881 flavescens.

126 2907 258 2950 Harvey
284 2908 372 2942 hanc
399 2910 552 2950 speciem
581 2911 670 2943 inter
694 2911 728 2944 L.
754 2911 934 2954 hybridam
960 2912 994 2943 et
1018 2910 1052 2943 L.
1080 2910 1239 2942 obtusam
1265 2910 1446 2953 disposuit.
