1728 3110
149 146 175 186 7
184 146 241 186 46
782 142 1013 186 Cnoxmum.
1412 142 1661 190 Laurencz‘a.

238 276 427 309 Laurencia
466 274 635 307 filiformis
672 273 782 308 Monc.
816 273 894 318 l'oy.
937 274 1008 308 I'ol.
1033 273 1113 309 sud.
1136 285 1170 318 p.
1198 276 1272 309 ⁴25.
1300 274 1405 310 Ilarv.
1434 275 1517 311 Ner.
1547 279 1660 312 auser.

140 347 174 381 p.
205 336 260 370 84.
286 334 386 368 Ii'zltz.
413 343 464 376 sp.
486 343 521 376 p.
549 334 624 366 853.

237 394 425 426 Gracilaria
450 392 620 425 filisormis
648 390 750 425 Grev.

237 452 393 485 Plocaria
418 452 588 485 filisormis
614 450 713 485 Endl.

253 524 339 562 Hah.
381 523 416 560 in
461 534 606 561 oceano
646 522 795 560 australi
836 522 879 559 ad
920 535 1004 561 oras
1035 524 1288 563 occidentales
1320 528 1428 564 Novae
1460 526 1660 564 Hollandiae

143 595 255 638 (Mus.
287 591 450 641 Par-ist),
483 591 526 628 ad
559 591 718 628 insulam
751 591 855 628 'l'oud
890 594 926 627 et
956 593 1189 630 Tasmaniam
1221 594 1315 639 (see.
1347 596 1580 642 Montagne.)

234 669 342 701 Frons
379 668 681 711 a—o-poiiicariS,
720 669 880 700 crassitie
917 677 1042 709 pennae
1078 671 1282 712 passerinae,
1322 672 1413 703 teres
1441 671 1476 702 et
1502 679 1663 712 quoquo-

142 737 281 760 versum
313 735 464 767 ramosa,
497 727 735 758 exsiccatione
770 735 921 767 superne
955 726 1133 760 collabens
1164 730 1198 760 et
1230 727 1507 760 membranacea.
1565 728 1659 760 Rami

141 788 229 829 vagi,
264 786 436 818 distantes
464 786 498 816 et
522 783 728 826 plerumque
761 784 885 824 angulo
913 784 974 816 450
1000 786 1178 827 patentes3
1206 785 1387 819 inferiores
1413 787 1564 827 elongati
1590 786 1662 819 sere

141 846 274 888 alterni,
300 844 501 885 superiores
528 851 624 884 szrpe
651 841 875 882 irregularius
903 843 1097 884 secund-ati,
1125 843 1346 887 cylindracei,
1372 853 1510 876 sursum
1531 845 1663 876 sensim

139 903 330 935 breviores.
379 900 651 943 Spliaerosporas
679 909 722 933 ex
748 900 886 933 observ.
912 901 1110 941 Montagnei
1137 903 1337 934 memoravi.
1374 902 1570 935 Keramidia
1594 902 1661 935 vidi

140 961 290 993 ramulos
328 959 496 992 diametro
530 960 705 1001 aequantia
740 961 798 991 aut
830 968 953 1001 parum
981 961 1194 1003 superantia,
1221 959 1293 992 fere
1319 961 1459 992 omnino
1486 959 1660 1002 sphaerica

139 1028 198 1051 ore
233 1020 288 1051 vix
325 1018 516 1059 conspicue
552 1017 723 1058 producto
763 1018 952 1059 apiculam,
991 1017 1176 1058 gemmidia
1217 1018 1417 1060 pyriformia
1456 1018 1558 1058 longe
1596 1026 1661 1060 pe·-

139 1077 311 1110 dicellata.
372 1076 473 1109 Color
516 1084 650 1108 roseus.
713 1075 852 1109 Cellulae
890 1077 1074 1109 interiores
1112 1076 1272 1118 plurimae,
1313 1076 1384 1109 sere
1423 1075 1661 1117 magnitudino

139 1137 303 1179 aequales.

138 1264 173 1302 5.
207 1266 237 1301 L.
269 1271 437 1300 scomma
484 1261 536 1307 (J.
582 1263 647 1310 Ay.
693 1264 829 1309 mser.)
879 1261 1066 1299 virescens
1110 1261 1335 1313 snbcornea,
1382 1263 1518 1301 fronde
1549 1262 1659 1300 tereti

247 1330 410 1368 [ililormi
443 1329 600 1366 disticlie
625 1329 1082 1378 decomposito-ramosa,
1115 1330 1226 1366 ramis
1257 1330 1356 1377 vagis
1389 1330 1660 1379 erectiusculis,

247 1398 327 1436 aliis
366 1398 562 1446 oppositis,
604 1397 684 1434 aliis
715 1397 930 1434 secundatis
961 1397 1124 1447 virgatis,
1156 1397 1308 1435 ramulis
1338 1398 1534 1446 spor-iseris
1565 1398 1657 1435 bre—

243 1466 403 1504 vissimis
433 1465 477 1503 ad
511 1465 635 1514 apices
669 1476 858 1502 ramorum
893 1464 1114 1502 saseiculatis
1145 1464 1366 1503 subelavatis
1397 1465 1492 1502 infra
1510 1465 1656 1514 apicem

245 1537 456 1571 truncatum
491 1533 687 1582 fertilibus,
719 1533 945 1570 keramidiis.
979 1563 985 1570 .
1018 1563 1025 1570 .
1057 1563 1064 1570 .

245 1613 330 1650 [lab.
374 1613 410 1649 in
453 1623 598 1649 oceano
638 1611 812 1648 atlantico
844 1611 888 1648 ad
921 1613 962 1648 La
994 1612 1135 1658 Guayra
1167 1610 1251 1657 (llb.
1284 1611 1466 1658 Binderl)
1498 1614 1534 1648 et
1566 1614 1657 1648 Bra-

134 1683 253 1720 siliam
286 1680 486 1729 (Lotskyl).

227 1758 396 1800 Caespites
424 1766 441 1789 a
470 1756 586 1789 radice
624 1755 750 1788 fibrosa
789 1756 1000 1799 densissimi,
1038 1756 1349 1798 2-4-pollicares,
1389 1765 1431 1788 ex
1470 1757 1571 1789 viridi
1598 1758 1657 1788 aut

135 1818 226 1850 luteo
255 1816 508 1857 luscescentes,
536 1814 730 1847 substantia
758 1813 828 1846 sere
855 1818 889 1847 et
915 1814 1032 1847 habitu
1060 1814 1140 1848 Fuci
1167 1815 1285 1856 plicati
1313 1814 1542 1858 rigidiusculi,
1569 1815 1655 1847 sub-

134 1878 264 1908 cornei.
302 1874 454 1907 Frondes
481 1872 640 1906 crassitie
666 1882 814 1916 pennam
841 1875 1059 1915 passerinam
1086 1875 1140 1906 vix
1168 1876 1359 1916 aequantes,
1381 1883 1520 1907 sursum
1535 1875 1656 1907 leviter

134 1935 338 1974 attenuatae,
377 1934 516 1965 omnino
558 1934 705 1975 teretes,
745 1933 1278 1975 decomposito-ramosissimae,
1314 1934 1418 1965 ramis
1458 1933 1529 1966 sere
1569 1942 1653 1974 vage

133 1992 326 2034 dispositis,
354 1991 542 2034 majoribus
569 1999 663 2032 saepe
690 1992 862 2033 oppositis
890 1999 980 2024 nunc
1007 1990 1227 2033 dichotomis,
1255 1991 1448 2024 minoribus
1474 1992 1653 2024 sterilibus

132 2050 403 2083 subsecundatis
438 2051 591 2093 virgatis,
624 2050 786 2082 omnibus
820 2050 1073 2083 erectiusculis.
1130 2049 1165 2082 ln
1191 2050 1307 2092 planta
1334 2050 1503 2092 sporisera
1531 2051 1652 2083 ramuli

132 2108 174 2140 ad
213 2109 330 2149 apices
373 2117 547 2141 ramorum
584 2107 655 2140 fere
696 2108 925 2141 fasciculatim
963 2109 1181 2150 proveniunt,
1217 2108 1341 2140 breves
1380 2110 1414 2140 et
1439 2107 1651 2150 densissimi,

131 2166 218 2198 infra
256 2168 392 2208 apicem
428 2169 627 2199 truncatum
662 2166 806 2199 fertiles.
868 2166 901 2198 ln
938 2166 1066 2209 planta,
1104 2175 1206 2207 quam
1240 2166 1378 2199 demum
1406 2165 1652 2207 capsuliseram

131 2225 304 2268 suspicor,
331 2227 412 2257 sunt
438 2224 559 2257 ramuli
588 2225 788 2266 superiores
814 2233 908 2266 saepe
935 2225 1085 2265 oppositi
1113 2226 1147 2256 et
1171 2225 1398 2265 patentiores.
1435 2223 1650 2257 Ramificatio

130 2405 183 2439 lia.
209 2405 244 2439 L.
272 2414 435 2440 GimciLis
462 2405 590 2448 (Hoolt.
617 2408 649 2440 et
677 2405 782 2440 llari).
810 2406 845 2439 in
873 2403 977 2438 llari).
1004 2403 1088 2437 Ner.
1118 2406 1230 2437 austr.
1254 2415 1288 2448 p.
1318 2404 1377 2445 84)
1412 2404 1532 2437 fronde
1559 2404 1647 2437 elata

221 2465 371 2498 lilisormi
409 2469 547 2498 setacea
583 2467 737 2497 flexuosa
764 2465 931 2505 pinnatim
961 2464 1210 2508 ramosissima,
1237 2465 1342 2495 ramis
1369 2464 1510 2496 alternis
1537 2464 1649 2504 longis

222 2523 365 2564 virgatis
397 2523 614 2564 simplicibus
648 2524 816 2556 iterumve
853 2523 1010 2564 ramosis,
1039 2522 1179 2553 ramulis
1205 2521 1477 2554 liorizontalibus
1505 2521 1646 2553 alternis

221 2581 430 2614 secundisve
456 2580 621 2612 brevibus
649 2580 889 2622 elongatisque
916 2578 1114 2621 cylindricis
1141 2580 1318 2620 capitatis.

221 2641 410 2673 Laurencia
445 2638 615 2671 filisormis
654 2637 761 2671 Hoolc.
801 2640 833 2671 et
870 2636 975 2670 llarv.
1017 2637 1086 2680 Alq.
1120 2635 1206 2671 Nov.
1235 2636 1304 2671 Zel.
1329 2635 1446 2679 Suppl.
1473 2637 1509 2670 in
1539 2635 1645 2670 Lond.

126 2697 252 2731 Joicrn.
280 2696 356 2731 Boc.
390 2696 462 2731 ΠΙ.
485 2707 519 2740 p.
546 2697 624 2730 443.

221 2756 305 2789 Hah.
332 2757 374 2789 ad
400 2755 484 2789 Nov.
512 2756 710 2788 zelandiam
738 2755 932 2796 (Colen'so).

213 2803 253 2846 ¹1„
281 2814 418 2847 obtusae
452 2814 575 2857 affinis,
608 2813 670 2846 sed
702 2813 887 2846 admodum
920 2813 1072 2856 gracilis,
1110 2814 1214 2845 ramis
1240 2813 1405 2845 flexuosis
1432 2812 1644 2853 ramulisque

128 2872 269 2905 alternis
311 2877 369 2906 aut
405 2873 580 2906 secundis.
641 2872 772 2904 Ramuli
807 2873 1024 2913 longitudine
1051 2873 1237 2906 admodum
1264 2873 1406 2914 variant,
1434 2870 1559 2903 lineam
1586 2870 1644 2901 aut

128 2931 216 2962 6-8
243 2931 350 2964 lineas
377 2931 482 2971 longi.
531 2930 651 2963 Descr.
678 2929 778 2961 Harv.
805 2931 1040 2972 transscripsi.
