1728 3110
41 132 290 177 Laurencia.
692 129 921 172 Caesarum.
1465 130 1490 169 7
1500 128 1557 169 47

42 274 160 298 revera
199 265 341 307 pinnata
368 264 401 295 et
427 260 584 303 disticha⁷
626 261 707 292 licet
744 261 828 292 rami
869 259 1006 292 demum
1033 267 1314 301 quoquoversum
1340 257 1559 298 egredientes

43 327 245 366 appareant.

135 381 216 414 Ilaec
243 381 325 413 mibi
350 380 486 413 videtur
512 380 651 420 species
678 380 732 411 sat
758 377 908 418 diversa,
934 376 1015 408 licet
1040 384 1133 416 aegre
1160 375 1366 408 definienda.
1400 379 1425 408 A
1442 374 1561 407 formis

44 441 190 473 diversis
216 439 251 471 L.
278 439 413 472 obtusae
448 437 641 470 substantia
674 439 708 468 et
741 435 990 468 ramificatione
1017 436 1126 474 magis
1154 435 1333 475 irregulari
1360 433 1486 467 differt.
1535 436 1559 466 A

43 498 78 531 L.
104 498 266 540 Forsteri,
293 497 390 539 cujus
417 499 470 529 est
495 496 688 529 substantia
716 494 787 526 fere
814 493 947 535 eadem,
974 494 1223 524 ramiticatione
1249 493 1391 533 pinnata
1418 492 1560 525 recedit.

42 555 172 589 Fucurn
209 555 449 588 fasciculatum
486 554 640 596 Turneri,
680 561 759 585 cum
798 554 915 584 nostra
954 551 987 582 in
1027 550 1234 592 quibusdam
1273 551 1560 592 convenientem,

45 615 189 646 eandem
224 613 373 655 plantam
405 615 576 654 spectare,
614 610 798 652 aliquando
827 608 977 650 credidi3
1004 609 1098 641 varia
1125 611 1240 641 autem
1265 610 1298 641 in
1326 608 1561 650 descriptione

46 672 182 716 adsunt,
209 682 285 715 quae
313 673 432 705 contra
458 670 546 703 banc
574 670 772 711 opinionem
801 667 961 701 suadent.

48 799 80 836 6.
113 801 146 836 L.
179 806 380 835 CORYMBOSA
413 796 466 841 (J.
499 798 564 843 Ay.
598 799 733 842 mser)
769 795 903 832 fronde
935 793 1115 832 subter-eti
1141 793 1255 841 rigida
1274 793 1563 842 decomposito-

155 877 313 914 ramosa,
352 865 464 902 ramis
503 864 657 901 demum
696 874 1006 911 quoquoversum
1046 861 1331 909 egredientibus
1370 862 1468 908 vagis
1507 862 1565 898 bic

155 934 228 970 illic
265 932 501 979 strangulatis
546 931 827 980 proliferisque,
865 930 1054 967 sterilibus
1092 929 1211 977 rigide
1252 928 1464 978 patentibus
1502 929 1565 965 di-

110 1009 112 1011 ’
153 999 336 1037 cbotomis
375 1000 529 1036 alternis
569 999 830 1036 secundatisve
872 997 1109 1047 distantibus,
1155 997 1350 1045 sporiferis
1382 995 1565 1045 oppositis

154 1069 383 1116 alternisque
423 1067 645 1104 abbreviatis
687 1065 1209 1115 decomposito-dicliotomis
1251 1065 1367 1101 dense
1411 1074 1565 1109 corym-

154 1135 269 1184 bosis,
307 1134 402 1172 infra
441 1136 586 1184 apicem
626 1135 907 1184 spbaerosporas
940 1134 974 1171 in
1008 1134 1159 1171 fasciam
1190 1132 1392 1182 dispositas
1423 1143 1565 1179 geren-

155 1203 265 1252 tibus,
296 1203 523 1241 kermnidiis.
557 1232 564 1239 .
596 1234 604 1242 .

155 1294 240 1332 Hah.
273 1295 316 1331 ad
349 1296 434 1341 Cap.
466 1293 498 1330 b.
531 1292 619 1341 Spei
651 1295 721 1339 (De
753 1292 784 1328 la
817 1291 936 1329 Laude
951 1292 988 1337 ἱ).

140 1381 284 1423 Crespes
320 1381 620 1422 3—4-pollicaris,
654 1380 894 1422 densissimuS,
930 1379 1136 1422 fastigiatus,
1171 1379 1353 1412 frondibus
1389 1380 1566 1414 sterilibus

47 1439 289 1483 fertilibusque
326 1440 427 1472 simul
467 1448 509 1471 ex
547 1439 714 1481 adparatu
754 1439 894 1471 radic-ali
928 1439 1056 1471 fibroso
1083 1439 1240 1481 plurimis
1265 1441 1565 1481 provenientibus,

47 1497 202 1531 Frondes
240 1499 422 1531 inferiores
464 1497 670 1539 sterilesque
708 1497 885 1529 filiformes
926 1499 1064 1539 teretes,
1092 1500 1150 1529 aut
1176 1496 1231 1529 hic
1257 1497 1327 1529 illic
1355 1497 1507 1531 dilatatae
1535 1501 1570 1530 et

49 1566 274 1599 compressae,
302 1557 462 1589 crassitie
477 1564 625 1597 pennam
641 1556 857 1597 passerinam
872 1556 929 1587 vix
945 1557 1163 1597 superantes,
1180 1555 1400 1599 dichotomae,
1416 1566 1568 1598 superne

49 1617 180 1648 alterne
215 1617 272 1647 aut
303 1615 452 1656 sparsim
485 1613 824 1656 secunde-ramosae,
858 1615 962 1645 ramis
998 1614 1159 1646 omnibus
1186 1615 1312 1654 angulo
1341 1616 1482 1647 circiter
1508 1614 1569 1647 45⁴¹

47 1673 264 1715 patentibus,
290 1674 419 1705 seniles
448 1673 502 1705 bic
530 1673 599 1705 illic
632 1681 803 1705 ramorum
832 1673 976 1713 delapsu
1003 1681 1243 1714 novorumque
1271 1683 1313 1706 ex
1340 1673 1463 1706 eodem
1492 1674 1568 1706 loco

49 1735 217 1773 proventu
255 1731 480 1764 cicatricibus
518 1731 762 1773 strangulatae3
802 1730 932 1762 fertiles
971 1731 1244 1773 subfastigiatae‚
1283 1732 1388 1763 ramis
1427 1732 1569 1764 alternis

49 1790 290 1831 oppositisque
323 1789 560 1831 subpinnatim
595 1789 730 1822 obsitae.
789 1788 883 1821 Rami
910 1790 965 1821 isti
994 1789 1124 1821 fertiles
1155 1788 1449 1832 ¹s2—4-poliicem
1477 1793 1568 1834 longi

48 1847 122 1879 basi
160 1848 368 1891 nudiusculi,
401 1849 500 1889 apice
528 1849 652 1880 eximie
680 1847 888 1889 corymbosi,
917 1847 1067 1879 ramellis
1093 1848 1252 1889 plurimis
1278 1848 1570 1883 subdichotonio-

50 1906 299 1946 decompositis
336 1907 528 1939 constituti.
591 1905 723 1938 Ramuli
757 1905 980 1948 cylindracei‚
1006 1906 1107 1946 paulo
1135 1905 1222 1938 infra
1249 1908 1384 1949 apicem
1410 1909 1570 1950 spbaero-

50 1966 162 2006 sporis
189 1965 222 1996 in
248 1973 370 1996 zonam
397 1964 664 1997 transversalem
691 1964 871 2005 dispositis
899 1965 1026 2006 ornati3
1053 1964 1310 2007 sphaerosporae
1337 1968 1371 1998 et
1395 1970 1570 2001 structura

50 2023 199 2062 generis.
249 2022 350 2054 Color
375 2025 409 2056 in
437 2024 565 2056 nostris
592 2022 663 2055 fere
690 2031 849 2055 carneus.
900 2022 1102 2055 Substantia
1132 2024 1254 2064 rigida.

143 2081 193 2113 Ad
228 2083 380 2121 priorem
418 2083 452 2113 et
488 2081 522 2114 L.
561 2080 710 2113 Forsteri
750 2080 824 2113 haec
863 2082 1001 2122 species
1039 2083 1196 2123 proxime
1236 2083 1384 2115 accedit.
1438 2082 1488 2115 Ab
1516 2084 1570 2115 illa

53 2138 157 2169 ramis
190 2138 453 2171 distantioribus
486 2139 698 2180 patentibus,
732 2138 921 2171 fructiferis
953 2139 1170 2181 corymbosis
1197 2141 1434 2181 dignoscatur.
1482 2144 1506 2174 A
1534 2141 1570 2173 L.

51 2194 201 2227 Forsteri
230 2197 370 2229 ramulis
396 2196 583 2230 fructiferis
617 2197 843 2237 distinguitur
869 2200 903 2230 et
929 2198 1179 2231 ramificatione
1206 2201 1315 2240 magis
1342 2201 1495 2241 pinnata.
1544 2203 1569 2232 A

52 2251 87 2284 L.
115 2252 250 2295 obtusa,
277 2253 319 2286 ad
346 2263 447 2296 quam
474 2258 574 2288 antea
598 2256 705 2288 relata
732 2255 806 2298 fuit,
833 2256 935 2296 longe
961 2264 1045 2289 sane
1072 2257 1217 2291 recedit.

52 2388 88 2429 7.
119 2393 151 2428 L.
194 2399 442 2429 PLAGELLiFERA
489 2392 542 2437 (J.
587 2395 650 2441 Aq.
697 2398 831 2442 mser.)
878 2394 1071 2443 caespilosa
1118 2394 1403 2445 flagelliformis,
1436 2395 1570 2434 fronde

164 2461 271 2497 tereti
317 2458 478 2507 subvage
523 2472 681 2511 ramosa,
727 2463 838 2499 ramis
877 2462 1066 2500 sterilibus
1112 2463 1295 2510 elongatis
1340 2461 1571 2510 simplicius-

163 2527 256 2564 culis
287 2531 349 2564 aut
378 2539 488 2576 parce
519 2531 730 2580 ramulosis,
762 2531 914 2567 ramulis
945 2530 1021 2567 basi
1048 2530 1185 2567 eximie
1203 2530 1403 2567 constricta
1422 2528 1570 2566 clavatis

164 2595 434 2644 erectiusculiS,
467 2595 648 2634 fertilibus
678 2608 843 2646 superne
873 2597 1025 2634 densius
1056 2597 1266 2646 ramulosis,
1299 2597 1449 2632 ramulis
1477 2595 1570 2632 sub-

164 2661 348 2709 oppositis
378 2661 635 2709 irregulariter
665 2664 871 2701 decussatis
901 2663 1123 2701 abbreviatis
1155 2663 1309 2700 nodosis
1348 2663 1571 2713 ramellosis,

164 2729 326 2765 ramellis
377 2728 615 2776 subglobosis
661 2732 697 2768 in
742 2731 847 2780 apice
899 2732 1144 2769 verruculoso
1189 2729 1404 2780 sporiferis‚
1457 2730 1570 2767 kera-

164 2794 301 2832 niidiis.
335 2826 341 2832 .
375 2825 381 2832 .
414 2824 422 2831 .

167 2884 251 2922 [lab.
283 2885 325 2921 ad
359 2897 443 2922 oras
474 2884 585 2923 Indiae
617 2888 809 2926 orientalis
841 2888 999 2936 (uiginti
1033 2888 1068 2925 in
1101 2887 1167 2926 llb.
1200 2888 1393 2939 [lookeri).
