1728 3110
1645 18 1651 34 l

155 118 178 159 9
187 117 212 158 0
221 118 245 158 ,4
772 113 1056 156 ΒΗΟΒΟΜΕΙΈΕ.
1359 117 1670 172 Polysiphonia.

149 246 318 285 ramosis
358 244 580 283 articulatis
619 241 819 295 affcentro
859 244 988 284 basali
1028 243 1293 290 radiantibus,
1331 257 1500 296 quorum
1536 244 1578 283 in
1609 259 1670 284 ar-

149 313 281 352 ticulis
327 312 608 351 terminalibus
653 311 875 363 gemmidia
918 309 1156 363 pyriformia
1202 310 1363 363 singula
1406 317 1671 363 generantur,

148 380 383 419 membrana
420 379 580 417 articuli
619 378 902 431 peridermatis
940 379 1030 416 loco
1062 377 1208 415 cincta.
1269 377 1573 430 Sphaerosporae
1606 384 1673 418 aut

149 447 188 484 in
223 446 406 498 apicibus
437 459 641 484 ramorum
673 449 741 484 aut
770 445 810 483 in
842 444 1008 483 ramulis
1039 444 1287 491 lateralibus,
1320 444 1388 483 ubi
1414 445 1558 491 adsint,
1577 458 1671 485 evo-

148 514 262 559 lutae,
302 526 375 565 per
413 513 558 551 seriem
598 512 937 564 longitudinalem
979 511 1139 549 unicam
1178 512 1408 564 dispositae,
1447 525 1593 564 nempe
1631 512 1671 552 in

147 580 318 632 singulis
357 580 537 619 articulis
575 579 767 631 singulae,
807 578 1034 628 (rarissime
1073 578 1113 617 in
1155 579 1379 631 specimine
1419 582 1672 621 exuberante

150 649 192 686 P.
231 648 574 687 atroi‘ubescentis
618 647 733 686 binas
763 646 1032 693 collaterales,
1068 646 1243 697 ideoque
1273 661 1346 699 per
1376 648 1579 700 duplicem
1611 661 1672 687 se-

150 716 251 755 riem
292 716 507 768 dispositas
546 715 670 765 vidi);
711 715 751 753 in
790 714 1005 766 speciebus
1043 714 1296 753 tenuioribus
1326 714 1566 766 plerumque
1597 716 1672 754 cir-

150 783 350 821 cumcirca
383 795 499 834 acque
530 782 771 835 prominulae
801 782 1000 819 ramulum
1032 781 1208 821 reddunt
1236 782 1481 832 torulosum3
1514 783 1554 821 in
1585 796 1672 835 spe-

152 851 291 890 ciebus
329 850 594 889 crassioribus
631 849 759 900 magis
798 848 1092 887 unilateraliter
1128 849 1387 900 proeminent
1416 853 1457 888 et
1486 862 1674 889 verrucas

152 918 469 969 hemisphericas
500 917 539 954 in
571 917 726 955 ramulo
759 916 954 954 efficiunt.
1020 916 1097 955 Ubi
1129 917 1422 969 sphaerosporae
1454 918 1582 969 magis
1611 931 1673 957 re-

152 985 347 1037 gulariter
377 984 549 1030 seriatae,
580 996 760 1022 verrucae
792 983 901 1021 linea
931 983 1070 1035 spirali
1096 983 1326 1035 dispositae;
1359 984 1427 1023 ubi
1452 985 1674 1037 sparsiores

154 1053 411 1105 proveniunt,
443 1053 481 1090 h.
514 1064 548 1090 e.
581 1051 761 1089 articulis
793 1051 999 1090 sterilibus
1029 1051 1211 1103 pluribus
1242 1051 1347 1089 inter
1374 1051 1528 1089 fertiles
1552 1053 1674 1091 obve-
1726 1079 1728 1085 «

153 1120 379 1166 mentibus,
425 1119 525 1158 rami
571 1119 676 1157 inter
719 1130 906 1156 verrucas
947 1118 1122 1157 flexuosi
1162 1122 1231 1156 aut
1269 1118 1428 1157 distorti
1466 1122 1674 1171 apparent.
1726 1148 1728 1160 .

154 1187 396 1226 Antheridia
426 1187 466 1225 in
498 1186 683 1238 plurimis
715 1186 928 1238 speciebus
958 1186 1185 1232 observata,
1218 1186 1348 1224 lactea.
1377 1189 1445 1224 aut
1474 1186 1675 1225 lutescen-
1724 1185 1728 1221 ὲ

153 1254 227 1301 tia,
272 1254 485 1293 lancoidea
530 1258 598 1291 aut
643 1253 840 1305 oblonga,
886 1253 1023 1305 stipite
1069 1253 1233 1305 hyalino
1279 1253 1461 1300 suffulta,
1500 1253 1675 1305 globulis

152 1320 337 1373 plurimis
390 1320 694 1367 minutissimis,
739 1321 1025 1373 pyramidatim
1081 1321 1188 1359 circa
1231 1333 1351 1359 axem
1397 1321 1676 1373 glomerulatis

153 1388 400 1438 constantim
440 1388 480 1426 in
520 1388 704 1440 plurimis
743 1388 957 1440 speciebus
995 1392 1088 1427 sunt
1125 1389 1237 1428 tibris
1274 1388 1560 1427 fasciculorum
1598 1392 1676 1427 ter-

153 1456 363 1495 minalium
408 1456 567 1508 stipata,
611 1455 780 1495 articulo
820 1455 960 1494 intimo
1000 1455 1191 1495 fibrarum
1231 1456 1460 1495 antheridio
1498 1455 1676 1507 stipitem

153 1525 367 1570 formante,
397 1528 512 1577 parte
543 1523 753 1575 superiore
798 1523 987 1563 fibrarum
1034 1523 1261 1562 antheridia
1300 1523 1597 1574 circumdante3
1636 1524 1676 1561 in
1724 1548 1726 1558 .

154 1592 361 1630 nonnullis
392 1591 606 1643 speciebus
637 1591 724 1628 sine
755 1595 949 1642 appara-tu
982 1591 1173 1629 librarum
1211 1592 1261 1630 ad
1300 1592 1437 1644 apices
1474 1605 1677 1631 ramorum
1724 1607 1728 1623 ⁵

154 1670 363 1696 racemosa
402 1657 626 1697 obveniunt
662 1658 724 1703 (Ρ.
760 1657 964 1710 fastigiata
1002 1662 1042 1695 et
1079 1657 1213 1696 forsan
1252 1659 1389 1710 plures
1419 1659 1576 1711 species
1606 1673 1678 1712 po·
1725 1683 1728 1691 ·

155 1724 396 1777 lysiphoniae
408 1734 430 1770 ).

266 1793 327 1831 De
358 1792 559 1844 penitiore
590 1792 795 1832 frondium
821 1796 1019 1831 structura
1045 1796 1085 1830 et
1109 1792 1344 1832 evolutione
1360 1794 1533 1845 partium
1551 1806 1678 1846 pauca

156 1859 307 1898 addere
338 1861 462 1907 lubet,
496 1872 548 1897 ex
581 1860 933 1900 observationibus
964 1860 1004 1898 in
1036 1860 1079 1897 P.
1111 1860 1411 1911 nigrescentem
1443 1865 1483 1899 et
1518 1862 1561 1901 P.
1591 1861 1677 1901 vio-

156 1927 310 1965 laceam
341 1927 533 1965 institutis
564 1928 748 1966 deducta.

271 1995 473 2047 Siphones
504 1995 622 2034 unius
657 1994 817 2033 articuli
855 1998 947 2033 sunt
976 1995 1219 2047 superpositi
1250 1995 1489 2048 siphonibus
1519 1996 1678 2035 articuli

157 2063 337 2114 proximi
369 2066 463 2107 (nec
493 2075 583 2100 cum
615 2063 676 2100 his
706 2062 883 2111 alterni).
956 2062 1157 2115 Siphones
1187 2063 1288 2101 rami
1320 2075 1410 2102 cum
1442 2063 1679 2115 siphonibus
1714 2054 1716 2083 ²

158 2130 284 2168 caulis
328 2130 541 2175 alternant,
586 2130 792 2169 mediante
832 2130 1003 2169 articulo
1044 2131 1218 2181 quodam
1258 2131 1446 2171 breviore
1486 2135 1527 2169 et
1564 2131 1678 2182 quasi
1714 2130 1715 2141 ¹

158 2197 403 2242 adventitio,
457 2197 507 2235 ad
551 2200 680 2235 ortum
726 2197 826 2235 rami
883 2197 1188 2248 conspiciendo.
1272 2197 1474 2250 Siphcnes
1530 2197 1677 2250 singuli

160 2269 274 2302 extra
318 2263 466 2302 lineam
513 2264 808 2316 periphericam
862 2265 985 2303 totius
1032 2265 1188 2304 frondis
1235 2266 1441 2317 paulisper
1486 2266 1678 2304 eminent.

159 2332 365 2370 Art-iculus
408 2344 610 2370 ramorum
659 2343 869 2382 supremus
914 2344 1022 2384 stupe
1060 2333 1257 2371 indivisus
1302 2333 1480 2371 cernitur
1517 2337 1557 2371 et
1594 2347 1678 2372 mo-

159 2398 438 2450 nosiphoniuS,
479 2397 597 2436 unico
638 2398 782 2436 nucleo
814 2398 1052 2449 instructus;
1084 2400 1344 2438 transversali
1376 2400 1577 2439 divisione
1608 2400 1678 2438 hu-

153 2466 220 2514 jus
251 2465 466 2503 inferiores
497 2465 656 2503 articuli
688 2464 835 2502 sensim
869 2464 1033 2504 formari
1064 2467 1264 2505 videntur.
1332 2468 1377 2505 In
1409 2468 1578 2506 articulo
1610 2479 1678 2519 pe-

160 2532 330 2570 nultimo
372 2536 440 2569 aut
478 2531 799 2583 antepenultimo
838 2532 970 2569 nuclei
1015 2532 1254 2585 plerumque
1292 2535 1603 2574 subdividuntur
1641 2531 1712 2577 et:

161 2599 352 2649 siphones
398 2598 592 2637 oriuntur.
667 2597 785 2635 Rami
830 2602 899 2636 aut
942 2599 1143 2639 divisione
1188 2601 1475 2652 longitudinali
1521 2601 1679 2639 cellulae

162 2665 406 2711 terminalis,
450 2669 519 2702 aut
562 2665 804 2704 extensione
849 2665 1014 2716 oblique
1060 2667 1290 2706 unilaterali
1335 2668 1494 2706 cellulae
1538 2668 1679 2720 penul-

163 2731 271 2769 timae
309 2735 377 2769 aut
412 2731 745 2783 antepenultima}
790 2731 910 2769 certis
958 2733 1160 2772 distantiis
1200 2733 1341 2780 (etiam
1379 2735 1419 2772 in
1465 2735 1679 2786 speciebus

164 2809 329 2846 quarum
367 2797 467 2834 rami
508 2798 668 2835 demum
706 2798 817 2849 vagi)
856 2798 953 2837 oriri
990 2799 1090 2837 mihi
1120 2800 1403 2852 adparuerunt.
1463 2801 1559 2839 Pars
1589 2813 1679 2851 quae

165 2863 214 2900 ab
251 2862 420 2901 articulo
460 2863 652 2915 primario
691 2864 1014 2917 (diaphragmate
1054 2866 1242 2917 obliquo)
1274 2870 1457 2918 separata
1488 2866 1576 2912 fuit,
1608 2880 1678 2905 ex-
