1728 3110
703 143 933 185 CuoNnRiEAE.
1481 139 1505 178 7
1517 138 1536 177 1
1548 139 1574 177 7

55 286 229 322 contexta
260 285 327 332 est,
357 284 420 319 aut
449 280 509 318 filo
541 277 696 315 centrali
734 278 892 324 angusto
922 275 1118 313 articulato
1151 277 1187 311 et
1218 284 1368 312 ramoso
1400 275 1580 322 (Aspara-

56 352 194 402 gopsis,
226 347 552 396 Bonnemaisonia‚
590 343 754 391 Delisea)
792 347 855 381 aut
885 344 953 380 tilis
985 343 1155 392 plurimis
1187 341 1390 380 articulatis
1422 339 1580 378 ramosis

56 423 111 459 vel
144 416 512 458 anastomosantibus
550 412 740 462 (Ptilonia,
779 411 952 461 Solieria,
983 410 1172 458 Polyidos)
1203 412 1367 458 constat3
1399 409 1436 446 in
1468 408 1580 446 fron-

56 488 163 525 dibus
196 485 378 523 tubulosis
409 487 445 521 et
474 481 697 520 articulatim
730 478 942 516 constrictis
958 478 1235 524 (Lomentaria)
1261 477 1384 526 tubus,
1403 479 1581 513 caeterum

57 566 205 604 vacuus,
236 554 304 590 [ilis
348 547 592 600 sparsissimis
635 545 1002 585 anastomosantibus
1047 545 1296 593 percurritur.
1368 547 1407 581 ln
1448 542 1582 580 fronde

56 623 233 660 cellulosa
278 617 518 666 (Laurencia)
560 615 703 653 cellulae
746 613 975 650 medullares
1013 624 1031 649 a
1070 611 1214 649 cellulis
1245 611 1496 648 exterioribus
1527 610 1583 647 vix

57 691 177 727 forma
194 685 466 734 distinguenda)
484 687 582 721 sunt.
614 683 763 721 Cellulae
795 681 1011 730 interiores,
1041 681 1313 727 cujuscumque
1346 680 1474 715 forium
1499 678 1586 727 sint,

57 769 141 794 cum
173 755 302 794 vicinis
333 755 517 791 alternant
546 754 635 798 (nec
655 751 746 787 utin
766 749 1033 787 Rbodomeleis
1051 760 1070 785 e
1090 748 1248 794 regione
1266 747 1520 795 disponuntur
1538 745 1585 781 ita

58 828 98 860 ut
128 823 252 871 apices
282 821 500 857 cellularum
533 818 704 856 omnium
737 817 772 854 iu
806 816 906 853 idem
939 816 1092 865 planum
1124 815 1356 852 liorizontale
1380 813 1585 859 desinant).

59 890 206 928 Cellulae
236 888 336 926 strati
368 887 556 925 corticalis
589 886 623 923 in
656 884 800 923 cellulis
824 883 1018 921 interioris
1045 883 1146 920 strati
1174 881 1587 931 verticales,autunica

58 958 156 996 serie
187 956 377 1005 dispositae
408 958 471 991 aut
500 953 670 1003 pluribus
702 956 739 989 et
770 952 805 989 in
839 952 896 988 [ila
927 950 1200 988 moniliformia
1232 950 1455 997 conjunctae.

168 1029 311 1072 Organa
355 1020 653 1060 fructificationis
692 1019 847 1068 triplicis
888 1019 1038 1066 generis
1080 1018 1273 1055 observata
1318 1018 1483 1066 suerunt,
1515 1020 1587 1065 Cy-

58 1093 245 1142 stocarpia
275 1100 426 1140 nempe,
455 1089 732 1138 Spbaerosporae
765 1091 801 1124 et
831 1086 1054 1124 Antlieridia.
1087 1085 1325 1134 Cystocarpia
1343 1096 1443 1122 nunc
1463 1085 1587 1122 frondi

60 1161 217 1199 omnino
249 1159 424 1196 immersa
457 1156 665 1205 (Solieria),
696 1165 796 1191 nunc
828 1155 863 1192 in
895 1153 1110 1203 Spongiolis
1142 1157 1244 1191 extra
1277 1153 1450 1191 frondem
1469 1164 1589 1200 proe-

60 1227 289 1267 minentibus
321 1225 555 1264 nematliecia
585 1222 848 1261 aemulautibus
874 1221 1384 1271 evolutau‘olyides),nunc
1402 1220 1590 1268 etsaepius

61 1295 274 1346 pericarpio
315 1293 469 1342 proprio
508 1291 670 1339 munita;
714 1290 1031 1339 Carpostomiuiu,
1069 1289 1105 1325 ni
1139 1289 1260 1337 fallor,
1291 1300 1445 1337 semper
1475 1289 1592 1326 adest.

63 1365 222 1403 Nucleus
263 1361 332 1398 filis
371 1359 613 1397 constituitur
643 1358 829 1407 plurimis,
861 1357 1022 1395 invicem
1055 1357 1197 1406 liberis,
1229 1355 1541 1404 clavaelormibus,
1572 1368 1590 1391 a

63 1433 233 1480 placenta
271 1427 383 1465 basali
421 1437 569 1464 sursum
602 1428 638 1462 et
667 1435 977 1474 quoquoversum
1010 1424 1253 1473 radiantibus,
1285 1423 1398 1460 unico
1430 1422 1590 1459 articulo

65 1499 145 1535 fero
187 1493 443 1533 constantibus
487 1496 550 1529 aut
590 1492 667 1529 basi
699 1491 903 1529 articulatis
935 1491 1208 1540 decompositis
1238 1491 1344 1539 apice
1378 1490 1413 1527 in
1445 1489 1590 1526 articu-

66 1569 141 1604 lum
187 1565 401 1610 elongatum
447 1560 722 1597 clavaesormem
767 1558 1046 1606 desinentibus,
1099 1556 1302 1606 gemmidia
1348 1557 1385 1594 in
1431 1557 1590 1594 articulo

65 1630 253 1670 terminali
292 1630 386 1666 intra
429 1627 640 1676 periderma
680 1627 867 1674 liyaliuum
907 1627 1068 1675 evoluta,
1099 1626 1258 1675 singula,
1290 1624 1591 1673 obovato-pyri-

66 1700 214 1750 foriuia,
245 1707 346 1734 nunc
376 1695 458 1744 plus
487 1694 612 1731 minus
643 1696 781 1732 clavata
813 1695 869 1731 vel
901 1694 1104 1742 obconica;
1143 1696 1287 1730 matura
1320 1693 1452 1730 relicto
1483 1691 1591 1740 peri-

66 1769 235 1806 dermate
267 1768 304 1802 et
334 1775 354 1800 e
386 1763 548 1800 claustro
591 1766 722 1811 erupta
764 1762 882 1809 magis
925 1761 1123 1799 rotundata
1155 1760 1331 1809 evadunt,
1362 1759 1594 1806 demumque

67 1831 315 1883 germinantia
353 1831 544 1869 observata
578 1831 742 1868 fuerunt.
778 1830 868 1878 (Cfr.
899 1829 934 1866 J.
966 1831 1033 1877 Ay.
1064 1830 1106 1866 in
1138 1830 1218 1866 Act.
1252 1827 1372 1865 Holm.
1419 1824 1520 1863 4836
1556 1836 1594 1873 p.

70 1903 132 1955 46,
163 1907 200 1940 ec
238 1901 336 1939 Arm.
378 1900 439 1936 Sc.
484 1898 571 1936 Nat.
616 1897 717 1935 4836
761 1897 862 1943 Oct.)
933 1900 1087 1934 Fructus
1118 1897 1226 1943 liujus
1257 1894 1407 1943 generis
1438 1893 1595 1932 nomine

68 1969 224 2019 proprio
256 1968 458 2006 Keramidii
490 1966 694 2015 designavi.

178 2037 452 2086 Sphaerosporae
489 2034 824 2072 transformatione
868 2034 1014 2070 [ilerum
1058 2035 1120 2069 aut
1149 2030 1372 2069 cellularum
1402 2028 1596 2066 subcorti-

72 2104 206 2141 calium
237 2102 465 2151 ubicumque
498 2104 719 2140 formantur.
766 2101 978 2151 Saepissime
1012 2101 1109 2138 inter
1127 2100 1279 2136 cellulas
1296 2098 1432 2136 autlila
1453 2095 1598 2134 frondis

50 2172 130 2219 *vix
171 2175 307 2208 mutata
352 2171 522 2220 evolutae,
560 2181 695 2219 sparsae
737 2171 793 2207 vel
825 2171 906 2218 plus
937 2169 1062 2206 minus
1093 2170 1300 2215 :ig-gregata!
1331 2163 1598 2213 (Lomentaria,

72 2238 285 2288 Laurencia,
324 2237 505 2287 Polyidos,
548 2237 740 2285 Solieria);
774 2236 905 2286 rarius,
936 2238 1117 2284 quantum
1149 2233 1326 2282 innotuit,
1357 2233 1394 2269 in
1427 2230 1598 2268 verrucis

73 2305 364 2345 nematbeciosis
401 2308 501 2341 extra
544 2304 717 2342 frondem
749 2302 1078 2352 proeminentibus
1110 2300 1357 2338 obvenientes
1389 2298 1598 2344 (Delisea);

74 2375 110 2411 in
142 2373 311 2423 pluribus
342 2372 543 2420 generibus
575 2372 744 2411 nondum
770 2372 927 2420 eognitae
952 2363 1600 2417 (Bonnemaisonia,Asparagopsis,

74 2442 263 2487 Ptilonia).
333 2441 492 2479 Nucleus
533 2441 803 2489 spliaerosporae
845 2438 1059 2488 sphaericus,
1100 2435 1357 2486 spliaeroideus
1389 2437 1451 2470 aut
1483 2433 1598 2468 immo

77 2509 275 2560 oblongus,
318 2511 485 2546 maturus
529 2508 565 2545 in
610 2519 740 2556 sporas
773 2507 794 2544 4
826 2506 1012 2555 triangulo
1057 2503 1328 2553 (Lomentaria,
1366 2498 1600 2548 Laureneia),

77 2575 269 2613 cruciatim
301 2574 525 2624 (Polyidos),
553 2578 615 2612 aut
643 2574 806 2612 zonatim
838 2573 976 2612 divisus
999 2569 1388 2621 (Solieria,[)elisea).
1428 2571 1477 2604 De
1509 2577 1599 2614 {Jer-

76 2643 284 2681 minatione
315 2644 382 2680 cfr.
413 2641 446 2679 J.
478 2642 544 2690 Ay.
575 2641 597 2680 l.
629 2654 660 2680 c.

186 2709 398 2748 Antlieridia
438 2709 474 2746 in
513 2709 624 2747 unico
656 2721 799 2758 genere
831 2707 1043 2747 Laurenciae
1074 2707 1268 2753 hucusque
1300 2702 1470 2751 eognita3
1503 2701 1598 2738 intra

80 2777 356 2825 receptaculum
404 2776 674 2814 scutelliforme
719 2776 879 2825 plurima
924 2776 1101 2823 collecta,
1146 2771 1288 2809 ambitu
1334 2768 1600 2816 cylindraceo-

80 2843 392 2894 subpyramidata,
429 2843 574 2892 singula
605 2844 749 2882 cellulis
779 2843 951 2893 plurimis
982 2838 1241 2880 minutissimis
1272 2838 1372 2876 circa
1402 2836 1487 2875 axin
1519 2835 1600 2873 dis-

80 2910 211 2958 positis
242 2910 461 2949 constantia.

210 2974 259 3007 lll.
1433 2967 1474 3000 47
