1728 3110
121 130 145 171 8
154 129 179 170 Ο
189 130 213 170 8
747 127 1033 170 RHODOMELEAE.
1339 133 1650 190 Chondriopse‘s.

116 261 334 295 Substantia
371 260 577 294 admodum
614 262 732 295 firma.
783 261 897 296 Color
937 263 1075 307 plantae
1113 264 1190 297 fere
1217 263 1299 298 Cer.
1327 265 1432 298 rubri
1459 265 1648 310 vulgaris,

117 321 309 352 exsiccatae
336 318 525 352 sordidus.
576 319 730 353 Cellulae
757 321 952 354 corticales
978 322 1056 355 sere
1083 321 1147 355 Ch.
1174 324 1415 356 tenuissimae.

207 376 349 410 Habitu
374 388 394 410 a
420 378 697 421 congeneribus
724 381 984 424 maximopere
1013 380 1346 425 abludens,Hypn.
1369 382 1650 415 muscisormem

116 436 191 467 sere
230 436 357 479 potius
394 436 570 477 reserens,
609 438 757 481 caespite
784 439 972 479 intricato,
998 440 1267 472 ramificationc
1297 440 1502 472 divaricata
1530 443 1567 471 et
1592 450 1650 472 ra-

115 492 228 526 mulis
254 493 429 537 plurimis
456 494 597 537 angulo
624 495 701 528 sere
728 498 830 529 recto
857 497 1151 539 egredientibus,
1190 498 1370 541 utrinque
1396 508 1530 541 parum
1556 499 1649 530 atte-

113 552 249 584 nuatis.
299 553 337 586 Si
375 552 539 596 quodam
575 553 659 596 jure
697 555 735 588 F.
774 555 1001 588 muscoidem
1036 556 1218 589 Wulsenii
1245 556 1289 589 ad
1320 558 1357 590 F.
1387 557 1649 590 tenuissimum

112 610 338 651 retulerunt,
374 614 541 644 nostram
582 613 651 646 sub
679 614 830 646 nominc
857 614 1090 647 intellectam
1121 615 1287 648 voluisse
1314 615 1547 648 VVulfenium
1572 625 1650 648 cre-

114 669 202 701 dere
240 680 451 713 propensus
490 681 593 714 sum·7
633 672 766 704 saltem
805 672 1007 716 descriptio
1046 673 1132 706 data
1169 675 1206 707 in
1246 676 1413 707 nostram
1451 684 1526 707 non
1553 674 1650 706 male

115 727 225 760 cadit.
274 728 308 761 A
334 728 372 762 C.
398 729 554 772 Agardh
582 729 628 762 ad
657 730 853 762 Venetiam
880 730 986 771 lecta,
1013 732 1205 764 varietatis
1232 732 1315 765 loco
1342 732 1387 765 ad
1415 731 1481 765 Ch.
1509 733 1650 764 tenuis-

114 786 245 818 simam
285 787 530 820 referebatur.
583 788 612 820 A
650 788 810 830 Hal-vey,
847 788 952 831 cujus
991 789 1158 832 plantam
1200 794 1322 822 tamen
1364 801 1437 823 non
1471 790 1558 831 vidi,
1584 789 1651 823 Oh.

113 845 347 888 dasyphylla
376 847 497 879 forma
527 846 653 879 habita
679 848 762 880 suit.
803 847 890 880 Mihi
921 849 1090 881 neutrius
1114 849 1272 881 formam
1302 859 1381 881 esse
1398 858 1516 892 posse,
1532 859 1650 893 quum

114 901 264 935 habitus
291 906 326 935 et
354 904 574 937 ramificatio
600 904 866 945 diversissima,
894 909 972 938 tum
999 908 1188 949 praecipue
1215 907 1424 940 substantia
1454 907 1573 940 multo
1590 907 1651 939 fir-

112 961 219 1002 mior,
259 972 371 1005 quam
410 972 431 995 a
469 962 552 995 loco
580 963 696 996 natali
721 964 885 1007 pendere
913 965 977 996 vix
1006 963 1096 997 mihi
1123 965 1380 1009 persuadeam,
1406 967 1649 998 monuerunt.

115 1018 180 1051 Ch.
209 1019 409 1062 divergens
436 1021 644 1054 madefacta
673 1022 737 1054 diu
766 1025 802 1054 et
830 1025 941 1055 tenax
969 1028 1235 1067 conservatur3
1274 1027 1311 1056 et
1337 1022 1402 1057 Ch.
1430 1024 1651 1056 tenuissima

111 1082 147 1110 et
177 1077 240 1111 Ch.
269 1078 494 1122 dasyphylla
522 1080 669 1113 facilius
696 1082 907 1122 solvuntur,
923 1084 987 1114 aut
1004 1082 1135 1115 saltem
1151 1083 1356 1116 admodum
1379 1083 1531 1126 fragiles
1546 1094 1649 1116 rum-

113 1142 255 1181 puntur
278 1138 468 1171 facillime.

112 1253 176 1292 10.
208 1253 283 1292 Cn.
329 1267 640 1294 COERULESCENS
679 1254 863 1304 (Cromen
892 1259 1020 1304 mser.)
1053 1256 1209 1295 frondis
1240 1262 1546 1310 atropurpureae
1576 1270 1648 1309 py-

221 1321 453 1360 ramidatim
498 1334 670 1361 ramosae
716 1322 839 1360 ramis
884 1323 999 1374 vagis
1045 1322 1247 1374 elongatis
1291 1336 1430 1375 sparse
1466 1323 1648 1375 virgatis,

220 1389 388 1427 ramulis
434 1389 635 1441 elongatis
681 1390 1002 1441 longissimeque
1048 1390 1217 1429 clavatis
1248 1390 1382 1429 curvis
1414 1391 1649 1429 flaccidisve

222 1456 502 1495 erectiusculis
533 1457 928 1508 patentiorilmsque,
962 1457 1166 1497 fertilibus
1198 1458 1477 1498 conformibus
1509 1471 1531 1496 a
1565 1470 1648 1496 me-

221 1522 289 1561 dio
335 1527 375 1560 et
418 1522 525 1560 infra
568 1523 874 1575 sphaerosporas
912 1524 1163 1576 gerentibus,
1196 1525 1434 1564 keramidiis
1466 1554 1643 1565 .....

221 1588 384 1626 cellulis
429 1589 692 1628 corticalibus
739 1590 866 1628 lineas
911 1591 1169 1630 abbreviatas
1214 1596 1501 1631 concatenatas
1543 1592 1648 1631 refe-

218 1655 416 1694 rentibus.

202 1723 410 1756 Laurencia
436 1723 683 1756 caerulescens
713 1721 864 1756 Gronau
887 1724 928 1756 in
955 1723 1037 1767 Aly.
1065 1723 1200 1758 Fa'mfst.
1227 1734 1287 1759 wo
1314 1726 1398 1759 282!

200 1781 238 1814 L.
266 1781 493 1824 dasyphylla
519 1792 596 1814 var.
622 1778 754 1823 Lloyd.
783 1780 866 1824 Algs.
892 1791 952 1815 wo
979 1783 1063 1816 189!

217 1848 321 1887 Hab.
353 1849 395 1887 in
426 1861 582 1889 oceano
613 1850 807 1889 atlantico
838 1851 889 1889 ad
920 1851 1033 1890 littus
1065 1852 1213 1891 Galliae
1244 1852 1480 1901 (Crouan!)‚

201 1929 320 1961 Frons
349 1932 404 1961 est
431 1929 523 1962 3-m4
551 1929 749 1973 pollicaris,
776 1932 945 1964 crassitie
971 1942 1131 1975 pennam
1150 1934 1378 1976 passerinam
1394 1945 1649 1988 non-aequans,

108 1995 129 2017 a
166 1985 245 2017 basi
284 1986 330 2018 ad
363 1988 506 2030 apicem
537 1989 595 2019 vix
625 1990 823 2030 conspicue
851 1992 1054 2030 attenuata,
1080 1992 1192 2023 ramis
1222 1992 1479 2025 conformibus
1506 1995 1644 2037 sparsis

109 2042 373 2086 decomposita,
411 2045 641 2089 1·anmlisque
677 2046 862 2088 elongatis
891 2048 1009 2089 magis
1036 2058 1147 2091 quam
1174 2049 1211 2081 in
1238 2051 1423 2093 proximis
1451 2052 1647 2094 speciebus

110 2102 262 2141 erectis,
300 2101 546 2135 Chordariam
586 2104 887 2146 ssagellisormem
927 2105 1107 2148 adspectu
1147 2107 1429 2150 quodammodo
1468 2110 1646 2144 referens.

109 2159 259 2192 Ramuli
297 2160 450 2203 plurimi
489 2164 634 2195 curvati
671 2167 735 2195 aut
772 2163 926 2203 flaccidi‚
966 2164 1162 2198 inferiores
1190 2166 1398 2209 pollicares‚
1434 2170 1645 2212 superiores

109 2217 413 2261 semipolhcarcs,
450 2219 529 2251 basi
568 2221 705 2253 eximie
744 2222 937 2261 attenuati,
964 2221 1048 2255 dein
1076 2223 1315 2266 cylindracei,
1341 2227 1443 2269 apice
1473 2229 1645 2260 truncati.

107 2275 147 2307 In
175 2274 233 2307 his
261 2275 541 2319 sphaerosporas
570 2278 657 2317 vidi,
684 2281 764 2310 tum
793 2279 830 2311 in
857 2282 962 2322 parte
990 2282 1184 2324 superiore
1212 2282 1416 2324 densiores,
1444 2287 1522 2316 tum
1548 2286 1646 2318 infra

108 2333 273 2366 medium
312 2333 583 2367 descendentes
621 2339 658 2368 at
697 2337 917 2379 sparsiores.
969 2339 1042 2371 Sub
1081 2339 1182 2372 lente
1212 2340 1357 2373 cellulae
1392 2343 1645 2385 superficiales

110 2394 165 2423 sat
196 2390 379 2434 elongata
406 2394 441 2424 et
470 2392 653 2426 diametro
680 2393 820 2437 pluries
848 2394 1049 2438 longiores.

199 2450 335 2482 Forma
360 2449 446 2489 haec,
473 2451 652 2494 adspectu
679 2462 700 2484 a
727 2452 874 2495 vulgari
901 2453 966 2487 Ch.
984 2455 1209 2500 dasyphylla
1230 2457 1434 2491 admodum
1449 2457 1644 2509 abludens⁷

109 2507 269 2540 ulterius
308 2508 552 2541 observanda.
603 2508 717 2543 Color
757 2510 916 2544 obscure
960 2524 1170 2557 purpureus
1204 2514 1270 2548 Ch.
1297 2518 1581 2559 atropurpureae
1608 2518 1644 2548 et

109 2565 172 2599 Ch.
212 2567 369 2610 ripariae,
405 2570 442 2600 at
469 2566 704 2601 characteres
750 2571 932 2603 neutrius.
996 2571 1060 2605 Ch.
1100 2573 1333 2617 dasyphyllae
1360 2573 1641 2608 characteribus

108 2627 296 2669 proxima,
324 2626 505 2671 adspectu
531 2627 738 2660 dissimilis.

110 2739 174 2778 11.
207 2740 282 2779 Cn.
327 2741 588 2781 HARVEYANA
625 2742 677 2792 (J
707 2741 782 2791 Ay.
813 2747 939 2794 mser.)
972 2745 1128 2785 frondis
1158 2746 1445 2799 pyramidatim
1478 2748 1641 2788 decom-

220 2808 365 2859 positae
408 2809 531 2848 ramis
576 2809 869 2861 subgeminatis
913 2811 1154 2864 plerumque
1200 2813 1401 2852 distractis
1440 2815 1640 2867 elongatis

220 2886 293 2924 per
338 2879 463 2914 totam
508 2876 807 2928 longitudinem
846 2878 1027 2930 virgatis»,
1058 2880 1225 2918 ramulis
1256 2884 1427 2931 anguste
1458 2881 1639 2928 clavatis,
