1728 3110
34 122 330 165 Jeannerettia.
651 119 934 162 RHODoMELEAE.
1465 125 1489 165 8
1498 125 1521 165 5
1534 125 1555 165 7

33 246 178 297 giores.
247 244 371 284 Costa
415 245 533 285 initio
579 246 782 284 immersis
826 249 942 286 venis
986 250 1281 301 adproximatis
1326 252 1558 298 constituta,

34 311 199 350 centrali
244 311 403 350 caeteris
448 312 616 361 majore,
662 313 898 351 evolutione
943 316 1035 353 stati
1082 318 1285 356 corticellis
1324 319 1474 356 sensim
1515 317 1561 356 fit

32 377 283 431 prominula;
323 378 484 416 cellulae
514 379 577 417 has
609 379 823 417 corticales
862 385 955 419 sunt
996 384 1154 422 czeteris
1191 385 1370 425 minores
1402 390 1442 424 et
1471 386 1559 425 sine

33 445 114 484 ullo
146 444 290 483 ordine
321 445 544 497 conspicuo
577 446 800 497 dispositae.

140 524 310 561 Fructus
356 537 475 575 supra
521 527 647 562 totam
695 524 781 563 fere
818 526 1005 564 frondem
1048 532 1088 565 et
1127 532 1337 580 utramque
1367 531 1557 582 paginam

34 602 147 640 aeque
191 590 493 642 provenienteS,
525 604 547 628 a
578 591 693 629 venis
724 596 996 643 emergentes,
1027 593 1266 633 fasciculati.
1324 598 1560 636 Keramidia

33 670 103 708 pro
148 657 430 707 magnitudine
470 657 621 709 plantae
660 671 784 709 parva
824 663 864 696 et
899 659 939 696 in
980 659 1150 710 singulis
1180 661 1385 701 fasciculis
1416 677 1557 715 pauca,

33 726 124 760 sunt
154 722 239 760 fere
270 727 402 769 ovata,
440 724 645 775 pedicello
684 724 798 762 brevi
838 725 1014 771 suffulta,
1057 727 1215 765 cellulis
1246 741 1269 765 a
1301 729 1385 767 basi
1417 742 1557 782 carpo-

33 789 219 827 stomium
266 802 406 827 versus
451 790 624 836 seriatis,
670 790 756 828 fere
802 791 954 842 duplici
994 797 1118 831 strato
1162 794 1432 846 pericarpium
1463 808 1556 835 con-

33 857 314 906 stituentibus;
360 848 623 897 interioribus
670 859 792 909 paulo
838 859 1093 910 longioribus
1132 865 1172 898 et
1210 861 1449 908 laxioribus,
1488 875 1558 901 ex-

32 922 247 961 terioribus
292 924 548 963 brevioribus
592 925 909 976 subhexagonis.
985 926 1164 965 Nucleus
1209 932 1366 966 constat
1417 929 1496 967 filis
1537 942 1560 967 a

32 988 219 1040 placenta
270 991 397 1029 basali
444 1003 772 1042 quoquoversum
826 991 1079 1030 radiantibus
1124 994 1346 1032 articulatis
1389 995 1559 1034 ramosis

34 1055 260 1106 fastigiatis,
308 1070 477 1107 quorum
518 1058 558 1096 in
599 1058 780 1096 articulis
820 1058 1102 1098 terminalibus
1134 1060 1355 1110 gemmidia
1386 1061 1558 1113 pyrifor-

32 1122 111 1160 mia
143 1123 397 1163 evolvuntur.
460 1124 674 1171 Sticliidia,
707 1138 727 1162 a
761 1137 825 1162 me
856 1138 938 1163 non
969 1125 1195 1174 observata,
1228 1131 1320 1164 sunt
1349 1139 1429 1164 sec.
1459 1127 1558 1166 Har-

33 1201 107 1240 vey
152 1203 224 1241 per
268 1191 527 1242 superficiem
573 1204 709 1243 sparsa
750 1192 1010 1239 fasciculam,
1047 1193 1087 1230 in
1129 1193 1323 1232 fasciculo
1363 1194 1558 1245 plurima2

34 1256 191 1308 singula
237 1258 440 1310 simplicia
485 1259 713 1297 lanceolata
758 1258 992 1308 (articulata
1024 1260 1063 1298 in
1097 1260 1191 1298 Ner.
1234 1260 1366 1299 Austr.
1406 1261 1559 1313 pingit)

34 1322 407 1375 sphaerosporisque
463 1324 616 1377 duplici
663 1325 768 1363 serie
813 1325 1021 1376 dispositis
1065 1326 1267 1378 triangule
1313 1327 1454 1365 divisis
1498 1327 1558 1365 in-

33 1392 192 1427 structa.

139 1465 389 1505 Evolutione
434 1472 558 1513 costae
602 1468 881 1507 Jeannerettia
927 1482 950 1507 a
995 1470 1254 1509 Pollexfenia
1298 1471 1440 1517 distat,
1485 1484 1560 1510 nec

33 1546 111 1572 non
149 1534 433 1574 stichidiorum
472 1540 684 1583 structura,
716 1537 793 1575 nisi
827 1538 877 1576 de
908 1538 983 1576 hac
1014 1552 1057 1576 re
1090 1552 1201 1578 error
1232 1540 1452 1591 irrepserit.
1514 1541 1559 1578 In

32 1600 290 1639 Pollexfenia
327 1603 518 1642 nimirum
557 1604 859 1656 sphaerosporas
900 1605 1165 1644 circumcirca
1204 1606 1479 1652 verticillatas‚
1519 1607 1558 1645 in

34 1665 202 1717 singulis
234 1669 414 1707 articulis
446 1671 582 1722 plures
614 1684 733 1721 quam
765 1671 790 1709 2
822 1673 1004 1711 evolutas
1036 1673 1141 1723 vidi3
1175 1673 1337 1724 Harvey
1368 1674 1408 1712 in
1439 1672 1558 1712 Jean-

33 1734 205 1771 nerettia
236 1747 334 1775 vero
368 1736 672 1789 sphaerosporas
706 1739 859 1790 duplici
891 1739 996 1777 serie
1028 1740 1257 1791 dispositaS‚
1290 1745 1332 1778 ut
1361 1741 1437 1779 hoc
1461 1752 1558 1790 quo-

34 1809 109 1847 que
140 1800 180 1838 in
212 1802 303 1840 aliis
335 1804 554 1854 generibus
585 1805 750 1843 costatis
784 1818 926 1844 norma
957 1805 1155 1852 videatur,
1187 1806 1413 1858 descripsit.
1473 1806 1560 1854 Qua

34 1864 196 1913 quidem
229 1872 335 1915 nota,
370 1873 569 1908 structura
599 1871 755 1910 frondis
791 1883 954 1921 quoque
986 1872 1255 1918 considerata,
1282 1873 1561 1911 Jeannerettia

33 1931 82 1969 ad
112 1931 317 1972 Vidaliam
348 1935 515 1987 propius
546 1936 682 1975 forsan
714 1938 941 1984 accederet,
972 1939 1043 1987 (an
1079 1940 1290 1978 transitum
1323 1940 1373 1978 ab
1405 1940 1479 1977 hac
1509 1939 1557 1977 ad

33 1996 349 2050 Neurymeniam
380 2002 589 2056 parans?).

34 2145 68 2184 1.
98 2145 132 2184 J.
165 2160 319 2186 LOBATA
350 2149 489 2198 (Hools.
516 2153 551 2187 et
573 2151 695 2188 Hare.
718 2155 845 2201 mser.)
870 2152 1026 2190 frondis
1051 2153 1556 2204 dichotomo-pinnatifidae

141 2215 362 2265 segmentis
409 2216 857 2267 oblongo-linearibus,
903 2218 989 2256 basi
1033 2219 1184 2256 sensim
1230 2223 1398 2256 cuneata
1444 2218 1555 2269 stipi-

141 2281 247 2327 tatis,
285 2281 536 2333 marginibus
576 2283 897 2323 nudato-Iobatis
935 2285 1257 2334 crenulatisque,
1295 2284 1555 2336 prolificatio-

142 2349 261 2388 nibus
292 2350 454 2388 demum
487 2364 509 2388 a
540 2356 652 2390 costa
683 2353 999 2404 emergentibus

123 2449 376 2482 Jeannerettia
410 2450 535 2483 lobata
572 2450 690 2486 Hook.
729 2455 763 2485 et
794 2452 915 2486 Harv.
951 2453 989 2486 in
1023 2452 1143 2486 Htw-v.
1176 2452 1264 2486 Ner.
1293 2452 1424 2485 Austr.
1445 2461 1486 2494 p.
1513 2453 1557 2484 20

35 2503 105 2537 tab.
141 2504 220 2538 IV!
253 2505 335 2548 Aly.
370 2506 490 2540 Tasm.
523 2508 561 2540 z'n
598 2508 716 2542 Hoolc.
748 2508 867 2543 Lofnd.
901 2509 1032 2543 Journ.
1072 2509 1133 2542 VI.
1154 2518 1195 2551 p.
1222 2510 1303 2543 397!
1342 2508 1402 2541 Fz.
1436 2508 1554 2541 Tasm.

29 2569 69 2602 1⁰.
95 2563 177 2596 205:
216 2561 330 2606 Phyc.
368 2564 500 2598 Austr.
534 2564 604 2599 tab.
640 2566 848 2600 XXXIII!
888 2567 999 2601 Soml.
1045 2567 1124 2609 Azy.
1163 2565 1292 2600 Muell.
1328 2566 1367 2598 in
1398 2564 1555 2598 Lz‘mzaea

34 2627 65 2651 v.
91 2619 145 2653 25.
171 2621 202 2653 6.
224 2630 265 2662 Ρ.
291 2622 374 2655 697!

123 2679 376 2711 Jeannerettia
407 2679 586 2712 frondosa
618 2679 738 2713 Ham).
770 2681 873 2714 IlIar.
905 2680 988 2713 Bot.
1015 2678 1057 2720 of
1086 2679 1191 2712 West.
1219 2678 1349 2711 Austr.
1375 2677 1414 2710 in
1438 2677 1553 2711 Irish.

37 2730 166 2766 Trans.
195 2733 330 2768 XXII.
351 2745 393 2777 p.
420 2736 502 2769 537!
532 2737 639 2776 (fidez
665 2736 784 2770 Harl).
810 2737 904 2771 Lz'st.
934 2735 976 2778 of
995 2739 1116 2769 mesto:
1145 2735 1226 2777 Azy.
1251 2744 1310 2767 nso
1339 2735 1441 2775 125i)

127 2792 434 2836 Botryoglossum
463 2793 631 2826 lobatuni
659 2795 771 2828 K'z'c'tz.
798 2794 862 2836 Sp.
890 2793 971 2837 Alq.
993 2803 1033 2835 p.
1059 2793 1150 2826 8815>
1175 2795 1263 2833 (sec.
1289 2790 1474 2836 Harvey.)

124 2849 267 2883 Exsicc.
294 2849 413 2883 Har-v.
440 2852 561 2884 austr.
588 2850 669 2894 Aly.
695 2860 756 2884 wo
783 2853 864 2885 125!

1401 2906 1463 2939 56*
