1728 3110
183 123 201 164 ’1
217 123 270 164 10
281 123 304 165 8
801 125 1084 169 RHODOMELEAE.
1480 134 1699 179 Amansia.

173 253 304 294 Frons
333 255 456 307 plana
486 254 686 307 pinnatim
718 255 997 308 decomposita
1035 261 1104 295 aut
1132 257 1499 309 prolificationibus
1528 273 1698 308 ramosa,

284 326 439 361 costata
470 322 711 361 sub-avenia
741 323 1048 363 horizontaliter
1078 329 1235 371 zonata,
1267 338 1414 377 nempe
1439 327 1597 365 cellulis
1614 341 1698 366 ma-

276 389 437 439 j0ribus
468 401 542 442 per
572 390 670 428 duas
701 390 827 428 series
858 391 991 429 frondi
1034 391 1250 443 parallelas
1293 392 1502 444 dispositis
1543 398 1697 433 rectan-

282 457 642 509 gule-hexagonis,
695 471 816 497 zonas
862 471 884 495 a
922 462 1034 497 costa
1086 458 1392 498 horizontaliter
1444 460 1697 511 egredientes

281 523 550 563 formantibus
582 528 788 571 contexta,
822 525 929 564 nuda
960 529 1028 563 aut
1058 525 1264 565 corticata.
1328 526 1519 565 Stielaidia
1549 540 1572 565 a
1602 528 1696 567 den-

280 591 388 631 tibus
419 591 711 644 marginalibus
743 596 811 631 aut
840 592 881 631 in
912 593 1182 645 processubus
1213 606 1236 631 a
1267 605 1416 645 pagina
1431 593 1553 645 plana
1570 606 1696 633 emer-

280 660 470 712 gentibus
503 664 782 707 transmutata,
812 660 1012 712 pinnatim
1043 660 1239 713 disposita
1277 666 1345 699 aut
1374 661 1498 699 dense
1530 661 1696 700 fascicu-

279 727 374 775 lata,
405 729 676 780 complanata,
708 727 1144 774 lanceolam-linearia,
1176 728 1356 775 incurva,
1398 728 1695 781 sphaerosporas

277 794 481 847 triangule
512 794 675 841 divisas,
718 794 871 846 duplici
914 794 1018 832 serie
1059 794 1349 846 longitudinali
1390 795 1607 848 dispositas
1637 797 1693 837 fo-

278 861 429 901 ventia.
488 863 723 900 Kcrcmffllia
753 892 759 899 .
790 892 797 899 .

276 939 460 979 Frondes
491 944 583 979 sunt
613 941 948 991 membranaceae,
985 941 1118 993 planae
1160 946 1229 980 aut
1271 942 1454 994 apicibus
1498 955 1607 994 saepe
1637 943 1695 982 in-

167 1008 344 1046 curvatis
394 1008 766 1055 subcanalieulatae,
813 1008 988 1047 lineares
1019 1012 1087 1047 aut
1117 1009 1370 1055 lanceolatae,
1401 1009 1599 1062 pinnatim
1630 1011 1695 1049 de-

168 1075 406 1126 composita}
437 1079 506 1113 aut
551 1074 919 1126 prolit‘icationibus
963 1089 1148 1121 1'ssmOSae‚
1196 1076 1379 1128 margine
1424 1077 1695 1129 integerrimae

167 1146 235 1180 aut
267 1141 422 1180 minute
453 1142 714 1181 denticulatae
746 1147 816 1181 aut
845 1143 1211 1182 serrato-dentatae.
1273 1144 1395 1182 Costa
1438 1144 1526 1195 plus
1566 1144 1694 1184 minus

167 1210 387 1262 conspicua
417 1210 545 1257 adest,
576 1210 616 1248 in
650 1210 859 1262 superiore
890 1215 1003 1262 parte
1035 1210 1074 1249 in
1100 1210 1305 1249 nonnullis
1325 1211 1520 1257 obsoleta,
1538 1216 1606 1249 aut
1627 1224 1693 1263 pa-

165 1290 253 1314 rum
285 1276 518 1329 conspicua,
550 1277 589 1315 in
622 1277 817 1316 inferiore
848 1277 996 1315 sensim
1030 1277 1262 1323 incrassata,
1303 1277 1538 1316 evolutione
1584 1278 1693 1317 strati
1722 1324 1725 1333 V

167 1344 371 1382 corticalis
402 1344 598 1391 formata2
630 1344 780 1382 lamina
811 1344 851 1382 in
884 1349 997 1396 parte
1030 1344 1148 1382 senili
1175 1344 1322 1382 sensim
1356 1344 1553 1391 obsoleta,
1585 1348 1693 1384 costa
1722 1339 1723 1344 ¹

166 1410 207 1449 in
240 1411 433 1463 stipitem,
467 1411 643 1462 denique
674 1415 798 1451 strato
831 1411 1015 1451 corticali
1047 1412 1311 1450 circumcirca
1352 1411 1478 1451 effuso
1510 1412 1691 1451 teretius·
1720 1446 1721 1451 ,

165 1477 314 1525 culum,
357 1479 584 1530 simplicem
631 1483 699 1517 aut
742 1492 946 1518 ramosum
993 1483 1292 1517 transmutatur.
1352 1479 1481 1517 Venae
1518 1479 1719 1531 propriae1

165 1544 289 1583 nullae
320 1545 566 1597 conspicuae,
598 1545 695 1584 licet
732 1545 935 1585 immersae
981 1546 1130 1584 sensim
1176 1546 1412 1592 formantur,
1459 1546 1507 1585 ad
1553 1533 1719 1585 dentes*

165 1615 206 1649 et
236 1605 425 1664 pinnulas
462 1617 740 1652 excurrentes.
800 1613 972 1651 Fructus
1018 1614 1059 1652 in
1099 1614 1270 1652 diversis
1317 1613 1532 1665 speciebus
1577 1614 1718 1662 aliter}

164 1678 374 1731 dispositi;
405 1680 446 1718 in
478 1681 705 1733 speciebus,
744 1694 910 1732 quarum
955 1681 1159 1733 margines
1204 1681 1371 1727 dentati,
1418 1681 1458 1718 in
1506 1673 1716 1723 dentibusJ

164 1747 416 1799 prolongatis
447 1752 487 1787 et
516 1749 820 1800 decompositis,
853 1749 1000 1801 saepius
1031 1749 1276 1797 obveniunt;
1323 1748 1363 1786 in
1409 1747 1499 1786 aliis
1530 1760 1688 1799 proces·
1713 1756 1715 1767 ¹

165 1825 233 1852 sus
265 1814 423 1862 minuti,
454 1815 796 1867 prolificationum
829 1816 879 1854 ad
910 1815 1048 1867 instar,
1069 1815 1264 1863 oriuntur,
1294 1815 1333 1852 in
1367 1815 1512 1865 quibus
1541 1814 1690 1853 fructus
1712 1811 1728 1834 ’-

164 1882 421 1932 proveniunt.
480 1883 716 1921 Keramidia
746 1883 786 1921 in
820 1883 930 1921 nulla
961 1883 1097 1935 specie
1145 1883 1307 1935 generis
1352 1881 1507 1934 proprii
1548 1881 1687 1920 hucus-
1725 1900 1728 1918 ι

164 1959 241 1998 que
274 1949 450 2000 cognita.
512 1950 711 1988 Stichidia
742 1950 783 1988 in
827 1950 1015 1989 dentibus
1058 1950 1333 1988 transmutatis
1370 1949 1569 2002 pinnatim
1611 1948 1728 2002 dis-5}

163 2014 309 2066 posita,
340 2020 409 2054 aut
438 2029 461 2054 a
491 2017 707 2068 superficie
738 2017 858 2068 plana
898 2017 1150 2069 emergentia
1186 2017 1454 2055 fasciculatim
1485 2020 1686 2069 congesta,
1708 2021 1728 2054 ’ἑ

161 2083 419 2134 complanata
462 2083 642 2130 incurva,
690 2084 858 2122 linearia
890 2089 959 2123 aut
989 2085 1227 2130 lanceolata,
1273 2084 1575 2136 sphaerosporas
1614 2070 1728 2137 du-J÷

163 2149 262 2201 plici
301 2150 406 2188 serie
453 2150 741 2202 longitudinali
788 2151 1017 2203 dispositas,
1065 2164 1212 2203 nempe
1242 2151 1284 2189 in
1313 2151 1483 2190 articulo
1528 2162 1728 2201 quoque

162 2216 359 2269 geminas,
390 2218 604 2268 interjecta
634 2222 746 2256 costa
777 2223 996 2270 separatas,
1028 2218 1229 2269 triangule
1260 2218 1411 2257 divisas
1441 2218 1633 2257 foventia.

273 2283 443 2336 Triplici
475 2288 599 2323 strato
630 2284 869 2322 cellularum
908 2285 1018 2323 frons
1057 2285 1191 2323 adulta
1232 2289 1426 2323 contexta
1465 2289 1536 2323 est.
1597 2283 1683 2322 Oel-

163 2350 258 2390 lulae
289 2351 528 2403 siphonibus
559 2350 861 2403 Polysiphoniae
907 2352 1105 2403 analogae,
1153 2351 1306 2391 ambitu
1351 2351 1683 2403 elongato-hexa-
1720 2395 1721 2398 Ἰ

164 2430 296 2469 gonae,
327 2430 399 2470 per
429 2418 527 2456 duas
557 2417 681 2456 series
723 2418 772 2456 ab
806 2431 883 2456 uno
915 2419 964 2457 ad
1010 2419 1181 2457 alterum
1228 2419 1453 2470 marginem
1498 2422 1682 2456 extensas

164 2485 385 2537 dispositae,
417 2498 558 2524 omnes
590 2498 706 2536 aeque
743 2486 878 2537 longae
911 2490 951 2524 et
980 2486 1206 2526 directione
1253 2486 1518 2538 longitudinis
1548 2486 1633 2524 fere
1660 2496 1681 2522 e

161 2551 331 2603 regione
361 2552 518 2604 positae,
557 2565 678 2591 zonas
716 2553 1006 2590 transversales
1045 2553 1251 2603 efticiunt;
1290 2553 1331 2591 in
1370 2558 1537 2603 utraque
1568 2550 1680 2597 serie,
1713 2566 1716 2571 ·

162 2619 196 2657 si
227 2619 408 2658 sectione
438 2619 699 2658 transversali
732 2619 1010 2666 observantur,
1041 2620 1200 2658 cellulae
1219 2620 1439 2669 alternant;
1471 2620 1511 2658 in
1542 2617 1696 2657 fronde»

156 2686 331 2736 juvenili
364 2686 427 2725 hae
458 2686 618 2726 cellulae
649 2686 854 2738 primaria}
885 2687 1075 2725 videntur
1105 2691 1145 2725 et
1176 2687 1215 2724 in
1248 2687 1454 2726 nonnullis
1471 2685 1678 2739 speciebus

162 2752 291 2805 ipsam
322 2754 514 2792 laminam
544 2754 706 2806 planam
736 2753 834 2792 solae
864 2754 1124 2792 constituunt.
1186 2754 1231 2791 In
1263 2754 1397 2793 media
1444 2754 1592 2792 lamina
1621 2753 1677 2791 in-

161 2823 223 2858 tra
252 2819 420 2859 cellulas
450 2833 646 2860 zonarum
676 2825 745 2858 aut
774 2820 920 2858 cellula
950 2819 1141 2858 centralis
1174 2819 1305 2866 unica,
1336 2824 1403 2859 aut
1432 2821 1567 2872 plures
1590 2832 1677 2858 cum
1704 2838 1707 2853 ι

162 2885 314 2925 lamina
342 2886 550 2939 parallelae
581 2886 776 2933 oriuntur,
808 2899 898 2937 quae
928 2887 1025 2926 tubo
1057 2886 1224 2925 centrali
1257 2887 1557 2939 Polysiphoniae
1586 2898 1676 2924 ana-
