1728 3110
113 94 391 138 Sareomenia.
718 87 999 130 Ruonoiimffi.
1497 81 1547 123 12
1558 82 1581 124 6
1590 82 1612 123 5

114 220 247 253 versali
272 221 364 253 rami
390 218 448 252 hic
474 218 521 251 ob
560 219 707 250 corticis
745 220 902 250 stratum
941 219 1090 251 densius
1127 218 1203 250 sere
1238 219 1334 249 teres
1360 214 1619 258 conspiciatur,

113 289 241 324 revera
267 281 391 311 autem
419 286 662 320 compressus,
689 279 912 309 structuram
941 280 1114 309 caeterum
1129 277 1204 309 sere
1217 277 1254 309 P.
1270 275 1427 309 Brodiaei
1443 275 1618 314 offerens,

113 337 215 370 Circa
242 336 434 380 siphonem
463 334 664 367 centralem
698 344 829 377 nempe
860 338 1017 367 stratum
1050 335 1155 367 adest
1181 334 1356 367 tuborum
1385 332 1619 364 tenuissimo-

114 406 206 435 rum,
231 396 328 427 inter
354 392 527 436 siphoncs
554 391 815 434 pericentrales
842 394 1011 435 proprios
1037 393 1079 425 ad
1121 395 1294 425 corticem
1321 391 1618 432 excurrentiumg

114 454 192 486 tubi
220 451 484 496 perieentrales
517 461 644 482 revera
667 450 698 490 4,
737 461 816 483 cum
857 452 993 494 quibus
1031 451 1214 484 alternant
1241 451 1382 484 cellulae
1415 451 1620 482 exteriores

115 513 189 545 fere
215 522 315 555 ecque
354 520 504 552 magnae,
539 511 587 542 ita
615 512 651 542 ut
680 509 823 541 facilius
850 509 1021 552 siphones
1056 510 1213 541 6fi7->8
1251 513 1366 553 putes,
1405 518 1532 542 omncs
1558 519 1620 540 ex-

116 576 172 604 tus
198 571 345 603 corticis
378 570 529 613 proprio
556 571 673 600 strato
700 570 825 601 tectos.
875 568 1048 601 Stichidia
1075 570 1110 601 111
1143 568 1296 601 ramulis
1333 567 1538 600 articulatis
1566 567 1621 598 in-

116 633 171 663 tra
198 630 400 671 marginem
427 638 448 660 a
472 628 562 659 facie
591 627 699 670 plana
726 628 989 670 provenientia,
1021 628 1064 660 ad
1092 615 1262 670 genicula
1289 627 1435 670 singula
1455 629 1516 659 aut
1536 636 1622 668 pau·

114 699 163 724 ca.
189 688 292 721 brevi
319 686 467 730 petiolo‚
498 685 665 717 articulis
692 685 738 717 2ss
760 685 779 718 3
806 687 1235 728 constante,augustiore
1263 685 1421 723 suffulta,
1442 683 1623 726 juvenilia

115 748 231 790 magis
257 745 484 789 cllipsoidea,
510 744 697 777 adultiora
724 746 1070 781 ovato-acuminata,
1104 743 1453 787 &impresso-plana,
1484 742 1623 785 duplici

115 807 207 838 serie
235 804 509 849 sphaerosporas
534 802 952 845 foventia,longitudine
980 802 1214 834 latitudinem
1242 802 1298 834 bis
1325 805 1388 834 aut
1424 804 1478 833 ter
1516 811 1623 843 supe-

117 868 219 899 rante
246 866 299 907 (in
327 864 491 902 nostris).

209 925 403 957 Structura
429 921 627 965 siphonum
656 922 916 963 marginalium
954 921 1145 953 evidenter
1173 920 1401 952 demonstrat
1427 917 1518 951 lianc
1545 928 1626 961 spe-

117 984 209 1015 ciem
237 984 314 1014 tum
342 981 440 1013 Sarc.
466 980 655 1022 Dasyoidi,
683 982 759 1012 tum
791 979 868 1012 Pol.
897 978 1067 1011 mutabili
1095 989 1173 1010 esse
1200 979 1428 1021 proximam3
1450 987 1470 1009 a
1493 977 1625 1008 P.n1u-

119 1041 225 1075 tabili
255 1041 364 1074 Harv.
390 1040 512 1072 differt
545 1038 675 1071 fronde
704 1038 822 1071 multo
861 1038 1008 1079 majore,
1050 1039 1126 1070 tota.
1166 1036 1343 1079 pinnatim
1378 1034 1565 1067 ramulosa
1591 1036 1627 1065 et

118 1101 309 1133 evidenter
335 1098 572 1137 caulescente,
599 1098 774 1129 inferiore
802 1100 903 1140 parte
931 1096 1072 1129 frondis
1101 1094 1347 1133 teretiuscula‚
1363 1094 1549 1136 superiore
1565 1093 1626 1125 ad-

118 1159 188 1192 huc
216 1159 384 1191 tenuiore
424 1156 678 1195 arachnoidea,
718 1155 871 1188 ramulis
912 1156 1033 1187 minus
1072 1154 1268 1196 conspicue
1308 1152 1435 1196 planis,
1461 1151 1626 1184 articulis

118 1219 354 1263 longioribus
381 1222 416 1250 et
444 1217 662 1261 siphonibus
691 1215 957 1258 marginalibus
984 1213 1263 1256 angustioribus
1286 1212 1489 1244 crassitiem
1515 1212 1627 1243 inter-

121 1279 327 1311 mediorum
356 1288 427 1310 non
455 1275 730 1319 superantibus.
782 1275 824 1307 Α.
853 1275 885 1306 S.
916 1273 1099 1316 Dasyoide
1127 1272 1249 1304 differt
1276 1271 1550 1304 ramificatione.

213 1337 368 1369 Fructus
397 1345 507 1378 supra
533 1334 738 1376 descriptos
757 1334 789 1365 iu
816 1333 1013 1375 specimine
1031 1331 1115 1370 vidi,
1131 1330 1227 1374 quod
1244 1331 1278 1362 in
1296 1329 1523 1363 Collectione
1538 1329 1628 1361 Har-

121 1406 260 1438 veyana
286 1394 487 1427 distributa
512 1394 608 1425 inter
634 1393 832 1434 specimina
860 1392 894 1423 S.
920 1390 1125 1431 Dasyoides
1152 1390 1361 1421 immixtum
1391 1387 1628 1430 deprehendi.

95 1513 157 1550 ·4.
220 1511 260 1550 S.
292 1511 522 1549 DAsYomEs
553 1508 692 1558 (Hares.
722 1510 848 1548 mser.)
888 1505 989 1544 elata
1030 1504 1199 1543 distiche
1242 1501 1629 1555 decomposito-pin-

230 1582 320 1616 nata
352 1589 506 1614 sursum
547 1576 667 1626 longe
704 1574 910 1619 corticata,
960 1573 1092 1624 pinnis
1138 1571 1221 1610 fere
1252 1584 1271 1608 a
1306 1569 1487 1621 margine
1517 1582 1630 1621 egre-

231 1644 435 1683 dientibus
481 1641 677 1694 oppositis
722 1640 1005 1685 teretiusculis‚
1051 1638 1227 1690 pinnulis
1272 1636 1491 1675 articulatis
1528 1636 1632 1674 intra

232 1710 453 1762 marginem
487 1708 789 1760 egredientibus
820 1707 1040 1745 linearibus
1072 1705 1306 1756 longissime
1329 1704 1558 1750 attenuatis,
1574 1716 1632 1741 ar-

234 1777 367 1817 ticulis
411 1776 670 1815 inferioribus
717 1774 930 1826 superficie
968 1772 1202 1818 reticulatis,
1244 1770 1517 1823 superioribus
1562 1784 1631 1808 nu-

234 1846 295 1885 dis
327 1842 666 1895 heterosiphoniis
697 1842 893 1881 diametro
927 1839 1240 1890 subaequalibus,
1271 1837 1470 1877 stichidiis
1502 1866 1511 1876 .
1544 1867 1552 1875 .
1584 1868 1590 1875 .
1623 1866 1633 1875 .

233 1910 469 1951 keramidiis
499 1910 683 1949 obovatis
713 1908 934 1947 sti-niuosis.

217 1991 450 2026 Sarcomeliia
480 1990 682 2031 Dasyoides
710 1986 827 2020 Harv.
853 1987 891 2019 in
918 1985 998 2030 Aly.
1027 1986 1156 2018 Austr.
1183 1983 1309 2017 etesiae.
1335 1991 1393 2016 nto
1419 1983 1501 2016 1431

236 2061 338 2100 Hab.
369 2060 409 2098 in
442 2072 594 2098 oceano
625 2058 788 2097 australi
819 2058 868 2096 ad
900 2058 1008 2095 littus
1039 2055 1212 2094 australe
1243 2068 1358 2093 novae
1386 2052 1633 2107 Hollandiae:

126 2130 174 2169 ad
206 2130 303 2168 Port
331 2127 480 2179 Phillip
510 2126 657 2172 Heads,
687 2125 897 2168 Victoriae,
928 2137 951 2162 a
980 2124 1139 2174 Harvey
1169 2123 1285 2160 lecta.
1498 2147 1506 2163 ‚

219 2209 337 2242 Frons
365 2206 506 2251 pedalis
533 2209 567 2238 et
593 2206 704 2245 ultra,
731 2206 873 2237 inferne
904 2207 944 2236 ut
967 2203 1113 2236 videtur
1140 2210 1349 2244 compressa
1376 2197 1634 2242 sesquilineam

128 2268 212 2306 lata,
239 2276 387 2299 sursum
416 2265 550 2297 sensim
578 2267 770 2297 attenuata
796 2267 830 2295 et
860 2273 923 2306 per
949 2265 1063 2294 totam
1102 2259 1371 2301 longitudinem
1400 2256 1554 2289 distiche
1581 2256 1635 2297 (ni

129 2326 259 2366 fallor)
286 2326 449 2368 pinnata.
499 2323 622 2356 Pinna·
649 2323 791 2355 ambitu
820 2320 1043 2359 lanceolata,
1070 2318 1198 2351 eodem
1227 2316 1335 2349 modo
1352 2315 1635 2357 decompositae3

131 2383 287 2426 majores
314 2381 558 2415 inarticulatae
586 2383 762 2425 oppositae
790 2385 821 2412 et
858 2377 1032 2417 disticha»,
1067 2375 1313 2408 teretiusculw
1351 2376 1412 2406 aut
1438 2374 1560 2405 forsan
1586 2372 1636 2404 le-

131 2444 226 2476 viter
253 2450 482 2484 compressa,
508 2440 729 2483 adparenter
755 2440 799 2472 ab
828 2440 905 2481 ipso
933 2436 1096 2478 margine
1125 2435 1152 2466 si
1180 2434 1275 2466 adsit
1307 2432 1547 2475 egredientes,
1573 2442 1635 2463 ex-

132 2502 330 2535 siccatione
358 2500 433 2531 sere
460 2499 684 2541 marginales
709 2499 908 2541 adparentq
938 2496 1098 2527 minores
1123 2491 1325 2524 articulata»
1353 2493 1388 2522 et
1414 2490 1535 2522 forsan
1563 2489 1636 2520 evi-

133 2560 281 2592 dentius
308 2568 526 2601 compressa?
553 2557 627 2588 sere
654 2558 752 2589 intra
779 2555 979 2596 marginem
1009 2550 1250 2594 egredientes,
1275 2549 1382 2580 initio
1404 2547 1447 2579 ad
1469 2546 1637 2589 genicula

134 2617 362 2660 subsingulae
389 2619 424 2648 et
451 2616 663 2659 sparsiores,
700 2615 784 2647 dein
822 2612 865 2645 ad
898 2611 996 2643 idem
1023 2608 1235 2651 geniculum
1262 2607 1377 2639 altera
1406 2606 1547 2637 minore
1574 2614 1637 2636 sa·-

134 2677 216 2720 pius
243 2675 483 2718 proveniente
511 2674 699 2716 oppositae,
726 2682 819 2704 nunc
845 2681 864 2702 a
890 2669 981 2701 facie
1007 2669 1085 2709 ipsa
1110 2666 1294 2709 prolisera‘
1316 2664 1391 2696 scre
1413 2662 1636 2695 verticillum

136 2737 356 2775 formantes·5
395 2732 557 2776 pinnulae
595 2732 753 2776 denique
793 2730 931 2762 ultimae
959 2727 1139 2768 elongatae
1165 2727 1200 2756 et
1227 2720 1533 2766 simplieiuseulae,
1560 2721 1636 2753 basi

134 2796 267 2828 leviter
293 2795 500 2830 contractae,
526 2801 546 2822 a
572 2790 694 2822 medio
722 2789 864 2821 circiter
890 2785 1104 2827 longissime
1143 2783 1351 2819 attenuatae,
1391 2780 1524 2811 sensim
1551 2779 1637 2821 ipsae

136 2863 231 2887 nova
260 2853 354 2884 serie
381 2849 611 2883 ramulorum
640 2849 841 2880 instructa.
892 2841 1051 2876 Articuli
1077 2841 1113 2873 in
1143 2839 1305 2883 pinnulis
1334 2838 1530 2881 pinnisque
1554 2837 1638 2869 ulti-
