<?xml version="1.0" encoding="UTF-8"?>
<!DOCTYPE html PUBLIC "-//W3C//DTD XHTML 1.0 Transitional//EN"
    "http://www.w3.org/TR/xhtml1/DTD/xhtml1-transitional.dtd">
<html xmlns="http://www.w3.org/1999/xhtml" xml:lang="en" lang="en">
 <head>
  <title>
</title>
<meta http-equiv="Content-Type" content="text/html;charset=utf-8" />
  <meta name='ocr-system' content='tesseract 3.04.00' />
  <meta name='ocr-capabilities' content='ocr_page ocr_carea ocr_par ocr_line ocrx_word'/>
</head>
<body>
  <div class='ocr_page' id='page_1' title='image "./speciesgeneraeto0203agar_0094.png"; bbox 0 0 1728 3110; ppageno 0'>
   <div class='ocr_carea' id='block_1_1' title="bbox 139 111 1651 163">
    <p class='ocr_par' dir='ltr' id='par_1_1' title="bbox 139 111 1651 163">
     <span class='ocr_line' id='line_1_1' title="bbox 139 111 1651 163; baseline 0.006 -9"><span class='ocrx_word' id='word_1_1' title='bbox 139 116 165 154; x_wconf 81' lang='lat'>7</span> <span class='ocrx_word' id='word_1_2' title='bbox 173 115 198 153; x_wconf 78' lang='lat'>8</span> <span class='ocrx_word' id='word_1_3' title='bbox 206 115 232 152; x_wconf 65' lang='grc' dir='ltr'>[ι</span> <span class='ocrx_word' id='word_1_4' title='bbox 772 111 1003 156; x_wconf 75' lang='lat' dir='ltr'>CrioNnmEAE.</span> <span class='ocrx_word' id='word_1_5' title='bbox 1469 118 1651 163; x_wconf 78' lang='lat' dir='ltr'>Delisea.</span> 
     </span>
    </p>
   </div>
   <div class='ocr_carea' id='block_1_2' title="bbox 137 241 1650 340">
    <p class='ocr_par' dir='ltr' id='par_1_2' title="bbox 137 241 1650 340">
     <span class='ocr_line' id='line_1_2' title="bbox 137 241 1650 293; baseline 0.007 -19"><span class='ocrx_word' id='word_1_6' title='bbox 137 241 276 274; x_wconf 82' lang='lat' dir='ltr'>racliide</span> <span class='ocrx_word' id='word_1_7' title='bbox 316 241 516 280; x_wconf 81' lang='lat' dir='ltr'>angustiore</span> <span class='ocrx_word' id='word_1_8' title='bbox 553 243 588 273; x_wconf 88' lang='lat' dir='ltr'>et</span> <span class='ocrx_word' id='word_1_9' title='bbox 625 243 810 275; x_wconf 80' lang='lat' dir='ltr'>serraturis</span> <span class='ocrx_word' id='word_1_10' title='bbox 836 244 946 284; x_wconf 81' lang='lat' dir='ltr'>magis</span> <span class='ocrx_word' id='word_1_11' title='bbox 972 245 1154 286; x_wconf 82' lang='lat' dir='ltr'>elongatis,</span> <span class='ocrx_word' id='word_1_12' title='bbox 1204 247 1286 281; x_wconf 80' lang='lat' dir='ltr'>Haec</span> <span class='ocrx_word' id='word_1_13' title='bbox 1313 251 1466 282; x_wconf 87' lang='lat' dir='ltr'>verrucis</span> <span class='ocrx_word' id='word_1_14' title='bbox 1493 250 1650 293; x_wconf 85' lang='lat' dir='ltr'>sphaero-</span> 
     </span>
     <span class='ocr_line' id='line_1_3' title="bbox 138 301 482 340; baseline 0 -9"><span class='ocrx_word' id='word_1_15' title='bbox 138 307 319 340; x_wconf 85' lang='lat' dir='ltr'>sporarum</span> <span class='ocrx_word' id='word_1_16' title='bbox 346 301 482 331; x_wconf 86' lang='lat' dir='ltr'>onusta.</span> 
     </span>
    </p>
   </div>
   <div class='ocr_carea' id='block_1_3' title="bbox 137 434 1650 810">
    <p class='ocr_par' dir='ltr' id='par_1_3' title="bbox 137 434 1650 810">
     <span class='ocr_line' id='line_1_4' title="bbox 137 434 1648 495; baseline 0.009 -24"><span class='ocrx_word' id='word_1_17' title='bbox 137 434 170 473; x_wconf 85' lang='lat'>3.</span> <span class='ocrx_word' id='word_1_18' title='bbox 204 438 240 473; x_wconf 82' lang='lat' dir='ltr'>D.</span> <span class='ocrx_word' id='word_1_19' title='bbox 272 444 424 473; x_wconf 64' lang='lat' dir='ltr'>runcum</span> <span class='ocrx_word' id='word_1_20' title='bbox 461 436 594 481; x_wconf 86' lang='lat' dir='ltr'>(Grev.</span> <span class='ocrx_word' id='word_1_21' title='bbox 630 436 711 485; x_wconf 74' lang='lat' dir='ltr'>Alq.</span> <span class='ocrx_word' id='word_1_22' title='bbox 750 437 815 474; x_wconf 89' lang='lat' dir='ltr'>Br.</span> <span class='ocrx_word' id='word_1_23' title='bbox 848 437 938 485; x_wconf 78' lang='lat' dir='ltr'><strong><em>Syn.</em></strong></span> <span class='ocrx_word' id='word_1_24' title='bbox 968 449 1006 485; x_wconf 82' lang='lat' dir='ltr'>p.</span> <span class='ocrx_word' id='word_1_25' title='bbox 1036 438 1160 486; x_wconf 89' lang='lat' dir='ltr'><em>LVII)</em></span> <span class='ocrx_word' id='word_1_26' title='bbox 1194 441 1330 479; x_wconf 76' lang='lat' dir='ltr'>fronde</span> <span class='ocrx_word' id='word_1_27' title='bbox 1359 442 1648 495; x_wconf 85' lang='lat' dir='ltr'>decomposito-</span> 
     </span>
     <span class='ocr_line' id='line_1_5' title="bbox 246 502 1648 564; baseline 0.009 -26"><span class='ocrx_word' id='word_1_28' title='bbox 246 502 397 549; x_wconf 83' lang='lat' dir='ltr'>pinnata</span> <span class='ocrx_word' id='word_1_29' title='bbox 421 504 780 552; x_wconf 83' lang='lat' dir='ltr'>serrato-pectinata</span> <span class='ocrx_word' id='word_1_30' title='bbox 812 507 1223 556; x_wconf 81' lang='lat' dir='ltr'>compressa-ancipite</span> <span class='ocrx_word' id='word_1_31' title='bbox 1255 509 1404 547; x_wconf 77' lang='lat' dir='ltr'>inferne</span> <span class='ocrx_word' id='word_1_32' title='bbox 1436 512 1648 564; x_wconf 85' lang='lat' dir='ltr'>incrassata,</span> 
     </span>
     <span class='ocr_line' id='line_1_6' title="bbox 244 570 1648 622; baseline 0.009 -17"><span class='ocrx_word' id='word_1_33' title='bbox 244 573 343 606; x_wconf 87' lang='lat' dir='ltr'>costa</span> <span class='ocrx_word' id='word_1_34' title='bbox 388 570 562 608; x_wconf 87' lang='lat' dir='ltr'>immersa</span> <span class='ocrx_word' id='word_1_35' title='bbox 601 570 932 621; x_wconf 68' lang='lat' dir='ltr'>subinmnspicua,</span> <span class='ocrx_word' id='word_1_36' title='bbox 967 572 1167 621; x_wconf 86' lang='lat' dir='ltr'>pinnarum</span> <span class='ocrx_word' id='word_1_37' title='bbox 1208 575 1433 622; x_wconf 84' lang='lat' dir='ltr'>juvenilium</span> <span class='ocrx_word' id='word_1_38' title='bbox 1472 579 1648 618; x_wconf 74' lang='lat' dir='ltr'>dentibus</span> 
     </span>
     <span class='ocr_line' id='line_1_7' title="bbox 244 637 1650 695; baseline 0.01 -23"><span class='ocrx_word' id='word_1_39' title='bbox 244 637 476 674; x_wconf 81' lang='lat' dir='ltr'>latitudinem</span> <span class='ocrx_word' id='word_1_40' title='bbox 520 638 677 674; x_wconf 87' lang='lat' dir='ltr'>racliidis</span> <span class='ocrx_word' id='word_1_41' title='bbox 715 639 993 690; x_wconf 77' lang='lat' dir='ltr'>superantibus,</span> <span class='ocrx_word' id='word_1_42' title='bbox 1034 641 1248 679; x_wconf 86' lang='lat' dir='ltr'>keramidiis</span> <span class='ocrx_word' id='word_1_43' title='bbox 1278 644 1321 680; x_wconf 88' lang='lat' dir='ltr'>ad</span> <span class='ocrx_word' id='word_1_44' title='bbox 1354 645 1480 693; x_wconf 80' lang='lat' dir='ltr'>apices</span> <span class='ocrx_word' id='word_1_45' title='bbox 1510 648 1650 695; x_wconf 82' lang='lat' dir='ltr'>pinna-</span> 
     </span>
     <span class='ocr_line' id='line_1_8' title="bbox 245 706 1648 763; baseline 0.009 -23"><span class='ocrx_word' id='word_1_46' title='bbox 245 717 325 741; x_wconf 88' lang='lat' dir='ltr'>ruui</span> <span class='ocrx_word' id='word_1_47' title='bbox 373 706 407 742; x_wconf 92' lang='lat' dir='ltr'>in</span> <span class='ocrx_word' id='word_1_48' title='bbox 456 706 587 753; x_wconf 77' lang='lat' dir='ltr'>pagina</span> <span class='ocrx_word' id='word_1_49' title='bbox 627 706 733 754; x_wconf 86' lang='lat' dir='ltr'>plana</span> <span class='ocrx_word' id='word_1_50' title='bbox 764 707 958 745; x_wconf 88' lang='lat' dir='ltr'>sessilibus</span> <span class='ocrx_word' id='word_1_51' title='bbox 989 708 1248 747; x_wconf 85' lang='lat' dir='ltr'>erectiuseulis</span> <span class='ocrx_word' id='word_1_52' title='bbox 1281 713 1480 750; x_wconf 86' lang='lat' dir='ltr'>urceolatis</span> <span class='ocrx_word' id='word_1_53' title='bbox 1511 724 1648 763; x_wconf 84' lang='lat' dir='ltr'>carpo-</span> 
     </span>
     <span class='ocr_line' id='line_1_9' title="bbox 243 772 612 810; baseline 0.003 -2"><span class='ocrx_word' id='word_1_54' title='bbox 243 772 381 809; x_wconf 78' lang='lat' dir='ltr'>stoniio</span> <span class='ocrx_word' id='word_1_55' title='bbox 413 772 612 810; x_wconf 83' lang='lat' dir='ltr'>terminali.</span> 
     </span>
    </p>
   </div>
   <div class='ocr_carea' id='block_1_4' title="bbox 136 858 1651 1023">
    <p class='ocr_par' dir='ltr' id='par_1_4' title="bbox 136 858 1651 1023">
     <span class='ocr_line' id='line_1_10' title="bbox 227 858 799 901; baseline 0.005 -10"><span class='ocrx_word' id='word_1_56' title='bbox 227 860 395 892; x_wconf 74' lang='lat' dir='ltr'>Bowiesia</span> <span class='ocrx_word' id='word_1_57' title='bbox 421 860 565 901; x_wconf 84' lang='lat' dir='ltr'>pulchra</span> <span class='ocrx_word' id='word_1_58' title='bbox 593 858 694 894; x_wconf 82' lang='lat' dir='ltr'>Grev.</span> <span class='ocrx_word' id='word_1_59' title='bbox 724 861 743 894; x_wconf 89' lang='lat' dir='ltr'>l.</span> <span class='ocrx_word' id='word_1_60' title='bbox 770 871 799 894; x_wconf 89' lang='lat' dir='ltr'>c.</span> 
     </span>
     <span class='ocr_line' id='line_1_11' title="bbox 226 917 1651 969; baseline 0.008 -19"><span class='ocrx_word' id='word_1_61' title='bbox 226 917 365 951; x_wconf 84' lang='lat' dir='ltr'>Delisca</span> <span class='ocrx_word' id='word_1_62' title='bbox 390 919 535 961; x_wconf 79' lang='lat' dir='ltr'>pulchra</span> <span class='ocrx_word' id='word_1_63' title='bbox 568 918 697 958; x_wconf 81' lang='lat' dir='ltr'><em>Monc.‚·</em></span> <span class='ocrx_word' id='word_1_64' title='bbox 734 919 841 953; x_wconf 77' lang='lat' dir='ltr'>Hoolc.</span> <span class='ocrx_word' id='word_1_65' title='bbox 875 923 908 954; x_wconf 83' lang='lat' dir='ltr'>et</span> <span class='ocrx_word' id='word_1_66' title='bbox 939 920 1046 954; x_wconf 78' lang='lat' dir='ltr'>Harv.</span> <span class='ocrx_word' id='word_1_67' title='bbox 1072 921 1189 966; x_wconf 77' lang='lat' dir='ltr'>crypt.</span> <span class='ocrx_word' id='word_1_68' title='bbox 1216 925 1369 958; x_wconf 77' lang='lat' dir='ltr'>amaret.</span> <span class='ocrx_word' id='word_1_69' title='bbox 1391 935 1428 969; x_wconf 85' lang='lat' dir='ltr'>p.</span> <span class='ocrx_word' id='word_1_70' title='bbox 1456 928 1518 960; x_wconf 71' lang='lat'>478</span> <span class='ocrx_word' id='word_1_71' title='bbox 1546 928 1651 968; x_wconf 86' lang='lat' dir='ltr'>(excl.</span> 
     </span>
     <span class='ocr_line' id='line_1_12' title="bbox 136 975 1228 1023; baseline 0.005 -15"><span class='ocrx_word' id='word_1_72' title='bbox 136 978 227 1017; x_wconf 78' lang='lat' dir='ltr'>syn.)</span> <span class='ocrx_word' id='word_1_73' title='bbox 254 975 362 1009; x_wconf 81' lang='lat' dir='ltr'>llarv.</span> <span class='ocrx_word' id='word_1_74' title='bbox 390 975 473 1010; x_wconf 86' lang='lat' dir='ltr'>Ner.</span> <span class='ocrx_word' id='word_1_75' title='bbox 500 978 613 1010; x_wconf 79' lang='lat' dir='ltr'>austr.</span> <span class='ocrx_word' id='word_1_76' title='bbox 636 987 670 1020; x_wconf 87' lang='lat' dir='ltr'>p.</span> <span class='ocrx_word' id='word_1_77' title='bbox 697 978 755 1010; x_wconf 81' lang='lat'>891</span> <span class='ocrx_word' id='word_1_78' title='bbox 782 976 883 1012; x_wconf 76' lang='lat' dir='ltr'>Isulz..</span> <span class='ocrx_word' id='word_1_79' title='bbox 908 978 963 1023; x_wconf 83' lang='lat' dir='ltr'>Sp.</span> <span class='ocrx_word' id='word_1_80' title='bbox 990 979 1061 1023; x_wconf 76' lang='lat' dir='ltr'>Alq.</span> <span class='ocrx_word' id='word_1_81' title='bbox 1083 981 1228 1023; x_wconf 86' lang='lat' dir='ltr'>p.&#39;770!</span> 
     </span>
    </p>
   </div>
   <div class='ocr_carea' id='block_1_5' title="bbox 134 1060 1650 1178">
    <p class='ocr_par' dir='ltr' id='par_1_5' title="bbox 134 1060 1650 1178">
     <span class='ocr_line' id='line_1_13' title="bbox 243 1060 1650 1116; baseline 0.006 -19"><span class='ocrx_word' id='word_1_82' title='bbox 243 1060 330 1097; x_wconf 88' lang='lat' dir='ltr'>Ilab.</span> <span class='ocrx_word' id='word_1_83' title='bbox 369 1060 406 1097; x_wconf 87' lang='lat' dir='ltr'>in</span> <span class='ocrx_word' id='word_1_84' title='bbox 444 1061 537 1098; x_wconf 79' lang='lat' dir='ltr'>mari</span> <span class='ocrx_word' id='word_1_85' title='bbox 569 1061 723 1098; x_wconf 74' lang='lat' dir='ltr'>australi</span> <span class='ocrx_word' id='word_1_86' title='bbox 756 1061 799 1098; x_wconf 87' lang='lat' dir='ltr'>ad</span> <span class='ocrx_word' id='word_1_87' title='bbox 832 1063 971 1099; x_wconf 91' lang='lat' dir='ltr'>Novam</span> <span class='ocrx_word' id='word_1_88' title='bbox 1004 1063 1236 1101; x_wconf 85' lang='lat' dir='ltr'>Hollandiam</span> <span class='ocrx_word' id='word_1_89' title='bbox 1268 1067 1465 1116; x_wconf 58' lang='lat' dir='ltr'>(masec),</span> <span class='ocrx_word' id='word_1_90' title='bbox 1497 1070 1650 1105; x_wconf 83' lang='lat' dir='ltr'>Tasma-</span> 
     </span>
     <span class='ocr_line' id='line_1_14' title="bbox 134 1126 1221 1178; baseline 0.005 -15"><span class='ocrx_word' id='word_1_91' title='bbox 134 1126 234 1165; x_wconf 87' lang='lat' dir='ltr'>niam</span> <span class='ocrx_word' id='word_1_92' title='bbox 265 1129 375 1174; x_wconf 83' lang='lat' dir='ltr'>(Mus.</span> <span class='ocrx_word' id='word_1_93' title='bbox 409 1128 549 1173; x_wconf 82' lang='lat' dir='ltr'>Parisl)</span> <span class='ocrx_word' id='word_1_94' title='bbox 581 1131 618 1164; x_wconf 84' lang='lat' dir='ltr'>et</span> <span class='ocrx_word' id='word_1_95' title='bbox 648 1129 857 1176; x_wconf 77' lang='lat' dir='ltr'>Kerguelen</span> <span class='ocrx_word' id='word_1_96' title='bbox 892 1129 986 1166; x_wconf 87' lang='lat' dir='ltr'>Land</span> <span class='ocrx_word' id='word_1_97' title='bbox 1019 1130 1221 1178; x_wconf 80' lang='lat' dir='ltr'>(Hooker).</span> 
     </span>
    </p>
   </div>
   <div class='ocr_carea' id='block_1_6' title="bbox 132 1215 1650 1435">
    <p class='ocr_par' dir='ltr' id='par_1_6' title="bbox 132 1215 1650 1435">
     <span class='ocr_line' id='line_1_15' title="bbox 224 1215 1650 1264; baseline 0.006 -17"><span class='ocrx_word' id='word_1_98' title='bbox 224 1215 332 1248; x_wconf 89' lang='lat' dir='ltr'>Frons</span> <span class='ocrx_word' id='word_1_99' title='bbox 366 1216 621 1258; x_wconf 63' lang='lat' dir='ltr'>l-a-pedalis,</span> <span class='ocrx_word' id='word_1_100' title='bbox 654 1216 781 1248; x_wconf 88' lang='lat' dir='ltr'>lineam</span> <span class='ocrx_word' id='word_1_101' title='bbox 818 1219 854 1250; x_wconf 91' lang='lat' dir='ltr'>et</span> <span class='ocrx_word' id='word_1_102' title='bbox 883 1217 971 1250; x_wconf 86' lang='lat' dir='ltr'>ultra</span> <span class='ocrx_word' id='word_1_103' title='bbox 1004 1218 1084 1261; x_wconf 85' lang='lat' dir='ltr'>lata,</span> <span class='ocrx_word' id='word_1_104' title='bbox 1120 1220 1355 1263; x_wconf 79' lang='lat' dir='ltr'>cartilaginea,</span> <span class='ocrx_word' id='word_1_105' title='bbox 1388 1221 1650 1264; x_wconf 83' lang='lat' dir='ltr'>decomposita-</span> 
     </span>
     <span class='ocr_line' id='line_1_16' title="bbox 134 1275 1649 1323; baseline 0.005 -16"><span class='ocrx_word' id='word_1_106' title='bbox 134 1277 285 1317; x_wconf 84' lang='lat' dir='ltr'>pinnata,</span> <span class='ocrx_word' id='word_1_107' title='bbox 317 1284 380 1317; x_wconf 89' lang='lat' dir='ltr'>per</span> <span class='ocrx_word' id='word_1_108' title='bbox 414 1278 522 1308; x_wconf 88' lang='lat' dir='ltr'>totam</span> <span class='ocrx_word' id='word_1_109' title='bbox 554 1275 806 1315; x_wconf 70' lang='lat' dir='ltr'>longitudinem</span> <span class='ocrx_word' id='word_1_110' title='bbox 837 1277 1185 1318; x_wconf 85' lang='lat' dir='ltr'>serrato—pectinata.</span> <span class='ocrx_word' id='word_1_111' title='bbox 1234 1278 1427 1314; x_wconf 80' lang='lat' dir='ltr'>Serraturae</span> <span class='ocrx_word' id='word_1_112' title='bbox 1452 1283 1485 1314; x_wconf 89' lang='lat' dir='ltr'>in</span> <span class='ocrx_word' id='word_1_113' title='bbox 1508 1282 1649 1323; x_wconf 84' lang='lat' dir='ltr'>juveni-</span> 
     </span>
     <span class='ocr_line' id='line_1_17' title="bbox 133 1333 1649 1376; baseline 0.005 -11"><span class='ocrx_word' id='word_1_114' title='bbox 133 1334 222 1366; x_wconf 82' lang='lat' dir='ltr'>libus</span> <span class='ocrx_word' id='word_1_115' title='bbox 250 1334 503 1375; x_wconf 71' lang='lat' dir='ltr'>adproximatae</span> <span class='ocrx_word' id='word_1_116' title='bbox 529 1333 801 1376; x_wconf 74' lang='lat' dir='ltr'>subimbricatae,</span> <span class='ocrx_word' id='word_1_117' title='bbox 828 1334 861 1366; x_wconf 91' lang='lat' dir='ltr'>in</span> <span class='ocrx_word' id='word_1_118' title='bbox 888 1334 1015 1367; x_wconf 88' lang='lat' dir='ltr'>adultis</span> <span class='ocrx_word' id='word_1_119' title='bbox 1043 1337 1078 1368; x_wconf 81' lang='lat' dir='ltr'>at</span> <span class='ocrx_word' id='word_1_120' title='bbox 1102 1338 1234 1376; x_wconf 80' lang='lat' dir='ltr'>vegetis</span> <span class='ocrx_word' id='word_1_121' title='bbox 1261 1339 1364 1371; x_wconf 82' lang='lat' dir='ltr'>axilla</span> <span class='ocrx_word' id='word_1_122' title='bbox 1388 1339 1510 1373; x_wconf 88' lang='lat' dir='ltr'>latiore</span> <span class='ocrx_word' id='word_1_123' title='bbox 1525 1341 1649 1374; x_wconf 83' lang='lat' dir='ltr'>deorsa</span> 
     </span>
     <span class='ocr_line' id='line_1_18' title="bbox 132 1391 1650 1435; baseline 0.007 -13"><span class='ocrx_word' id='word_1_124' title='bbox 132 1395 314 1434; x_wconf 60' lang='lat' dir='ltr'>sesmratae,</span> <span class='ocrx_word' id='word_1_125' title='bbox 341 1391 556 1431; x_wconf 75' lang='lat' dir='ltr'>longitudine</span> <span class='ocrx_word' id='word_1_126' title='bbox 592 1391 809 1423; x_wconf 82' lang='lat' dir='ltr'>latitudinem</span> <span class='ocrx_word' id='word_1_127' title='bbox 843 1392 996 1425; x_wconf 85' lang='lat' dir='ltr'>rachidis</span> <span class='ocrx_word' id='word_1_128' title='bbox 1022 1397 1240 1435; x_wconf 84' lang='lat' dir='ltr'>superantes,</span> <span class='ocrx_word' id='word_1_129' title='bbox 1268 1404 1285 1427; x_wconf 88' lang='lat' dir='ltr'>a</span> <span class='ocrx_word' id='word_1_130' title='bbox 1311 1396 1387 1430; x_wconf 84' lang='lat' dir='ltr'>basi</span> <span class='ocrx_word' id='word_1_131' title='bbox 1414 1398 1536 1431; x_wconf 83' lang='lat' dir='ltr'>latiore</span> <span class='ocrx_word' id='word_1_132' title='bbox 1563 1407 1650 1432; x_wconf 87' lang='lat' dir='ltr'>acu-</span> 
     </span>
    </p>
   </div>
   <div class='ocr_carea' id='block_1_7' title="bbox 132 1450 1704 1493">
    <p class='ocr_par' dir='ltr' id='par_1_7' title="bbox 132 1450 1704 1493">
     <span class='ocr_line' id='line_1_19' title="bbox 132 1450 1704 1493; baseline 0.004 -10"><span class='ocrx_word' id='word_1_133' title='bbox 132 1452 270 1484; x_wconf 65' lang='lat' dir='ltr'>minata&gt;</span> <span class='ocrx_word' id='word_1_134' title='bbox 310 1450 380 1482; x_wconf 84' lang='lat' dir='ltr'>sere</span> <span class='ocrx_word' id='word_1_135' title='bbox 418 1450 601 1493; x_wconf 81' lang='lat' dir='ltr'>subulatae‚</span> <span class='ocrx_word' id='word_1_136' title='bbox 638 1452 672 1482; x_wconf 87' lang='lat' dir='ltr'>in</span> <span class='ocrx_word' id='word_1_137' title='bbox 699 1451 803 1483; x_wconf 85' lang='lat' dir='ltr'>ramis</span> <span class='ocrx_word' id='word_1_138' title='bbox 829 1450 1018 1492; x_wconf 86' lang='lat' dir='ltr'>majoribus</span> <span class='ocrx_word' id='word_1_139' title='bbox 1044 1451 1216 1486; x_wconf 80' lang='lat' dir='ltr'>obtusatae</span> <span class='ocrx_word' id='word_1_140' title='bbox 1243 1457 1277 1487; x_wconf 85' lang='lat' dir='ltr'>et</span> <span class='ocrx_word' id='word_1_141' title='bbox 1303 1455 1482 1488; x_wconf 83' lang='lat' dir='ltr'>obsoletae.</span> <span class='ocrx_word' id='word_1_142' title='bbox 1529 1455 1648 1490; x_wconf 88' lang='lat' dir='ltr'>Pinnae</span> <span class='ocrx_word' id='word_1_143' title='bbox 1699 1465 1704 1469; x_wconf 89' lang='lat'><strong>·</strong></span> 
     </span>
    </p>
   </div>
   <div class='ocr_carea' id='block_1_8' title="bbox 128 1509 1649 2192">
    <p class='ocr_par' dir='ltr' id='par_1_8' title="bbox 128 1509 1649 2192">
     <span class='ocr_line' id='line_1_20' title="bbox 130 1509 1649 1554; baseline 0.005 -13"><span class='ocrx_word' id='word_1_144' title='bbox 130 1509 263 1541; x_wconf 81' lang='lat' dir='ltr'>inferne</span> <span class='ocrx_word' id='word_1_145' title='bbox 297 1509 479 1550; x_wconf 82' lang='lat' dir='ltr'>ancipites,</span> <span class='ocrx_word' id='word_1_146' title='bbox 513 1517 665 1549; x_wconf 83' lang='lat' dir='ltr'>superne</span> <span class='ocrx_word' id='word_1_147' title='bbox 698 1510 807 1549; x_wconf 80' lang='lat' dir='ltr'>magis</span> <span class='ocrx_word' id='word_1_148' title='bbox 838 1510 1085 1552; x_wconf 79' lang='lat' dir='ltr'>complanatae3</span> <span class='ocrx_word' id='word_1_149' title='bbox 1117 1513 1201 1544; x_wconf 82' lang='lat' dir='ltr'>rami</span> <span class='ocrx_word' id='word_1_150' title='bbox 1228 1512 1377 1554; x_wconf 87' lang='lat' dir='ltr'>majores</span> <span class='ocrx_word' id='word_1_151' title='bbox 1404 1515 1588 1548; x_wconf 81' lang='lat' dir='ltr'>incrassati</span> <span class='ocrx_word' id='word_1_152' title='bbox 1615 1518 1649 1548; x_wconf 85' lang='lat' dir='ltr'>et</span> 
     </span>
     <span class='ocr_line' id='line_1_21' title="bbox 131 1566 1648 1615; baseline 0.005 -15"><span class='ocrx_word' id='word_1_153' title='bbox 131 1568 173 1600; x_wconf 80' lang='lat' dir='ltr'>ol)</span> <span class='ocrx_word' id='word_1_154' title='bbox 202 1568 272 1599; x_wconf 78' lang='lat' dir='ltr'>alas</span> <span class='ocrx_word' id='word_1_155' title='bbox 299 1566 431 1598; x_wconf 74' lang='lat' dir='ltr'>inferne</span> <span class='ocrx_word' id='word_1_156' title='bbox 458 1566 688 1599; x_wconf 79' lang='lat' dir='ltr'>obsoletiores</span> <span class='ocrx_word' id='word_1_157' title='bbox 714 1566 1037 1610; x_wconf 80' lang='lat' dir='ltr'>subcaulescentes‚</span> <span class='ocrx_word' id='word_1_158' title='bbox 1064 1571 1160 1601; x_wconf 83' lang='lat' dir='ltr'>costa</span> <span class='ocrx_word' id='word_1_159' title='bbox 1183 1572 1324 1611; x_wconf 85' lang='lat' dir='ltr'>propria</span> <span class='ocrx_word' id='word_1_160' title='bbox 1339 1571 1429 1605; x_wconf 86' lang='lat' dir='ltr'>haud</span> <span class='ocrx_word' id='word_1_161' title='bbox 1445 1574 1648 1615; x_wconf 85' lang='lat' dir='ltr'>conspicua.</span> 
     </span>
     <span class='ocr_line' id='line_1_22' title="bbox 129 1623 1646 1672; baseline 0.005 -15"><span class='ocrx_word' id='word_1_162' title='bbox 129 1625 384 1657; x_wconf 75' lang='lat' dir='ltr'>Transversalis</span> <span class='ocrx_word' id='word_1_163' title='bbox 422 1626 531 1656; x_wconf 84' lang='lat' dir='ltr'>sectio</span> <span class='ocrx_word' id='word_1_164' title='bbox 570 1623 702 1657; x_wconf 81' lang='lat' dir='ltr'>frondis</span> <span class='ocrx_word' id='word_1_165' title='bbox 736 1624 910 1656; x_wconf 77' lang='lat' dir='ltr'>inferioris</span> <span class='ocrx_word' id='word_1_166' title='bbox 936 1625 1067 1658; x_wconf 87' lang='lat' dir='ltr'>ambitu</span> <span class='ocrx_word' id='word_1_167' title='bbox 1099 1626 1261 1670; x_wconf 80' lang='lat' dir='ltr'>oblonga,</span> <span class='ocrx_word' id='word_1_168' title='bbox 1293 1631 1401 1662; x_wconf 89' lang='lat' dir='ltr'>strato</span> <span class='ocrx_word' id='word_1_169' title='bbox 1426 1630 1646 1672; x_wconf 87' lang='lat' dir='ltr'>peripherico</span> 
     </span>
     <span class='ocr_line' id='line_1_23' title="bbox 130 1682 1647 1730; baseline 0.004 -14"><span class='ocrx_word' id='word_1_170' title='bbox 130 1686 359 1717; x_wconf 81' lang='lat' dir='ltr'>circumcirca</span> <span class='ocrx_word' id='word_1_171' title='bbox 386 1682 456 1714; x_wconf 82' lang='lat' dir='ltr'>fere</span> <span class='ocrx_word' id='word_1_172' title='bbox 487 1691 587 1724; x_wconf 84' lang='lat' dir='ltr'>aeque</span> <span class='ocrx_word' id='word_1_173' title='bbox 621 1682 759 1715; x_wconf 82' lang='lat' dir='ltr'>evoluto</span> <span class='ocrx_word' id='word_1_174' title='bbox 787 1685 821 1715; x_wconf 85' lang='lat' dir='ltr'>et</span> <span class='ocrx_word' id='word_1_175' title='bbox 846 1692 951 1725; x_wconf 90' lang='lat' dir='ltr'>supra</span> <span class='ocrx_word' id='word_1_176' title='bbox 978 1686 1111 1717; x_wconf 87' lang='lat' dir='ltr'>costam</span> <span class='ocrx_word' id='word_1_177' title='bbox 1137 1686 1171 1718; x_wconf 88' lang='lat' dir='ltr'>in</span> <span class='ocrx_word' id='word_1_178' title='bbox 1198 1687 1323 1727; x_wconf 82' lang='lat' dir='ltr'>pagina</span> <span class='ocrx_word' id='word_1_179' title='bbox 1348 1689 1451 1730; x_wconf 84' lang='lat' dir='ltr'>plana</span> <span class='ocrx_word' id='word_1_180' title='bbox 1477 1690 1534 1721; x_wconf 79' lang='lat' dir='ltr'>vix</span> <span class='ocrx_word' id='word_1_181' title='bbox 1559 1697 1647 1723; x_wconf 54' lang='lat' dir='ltr'>con-2</span> 
     </span>
     <span class='ocr_line' id='line_1_24' title="bbox 129 1741 1646 1787; baseline 0.003 -13"><span class='ocrx_word' id='word_1_182' title='bbox 129 1742 249 1782; x_wconf 76' lang='lat' dir='ltr'>spicue</span> <span class='ocrx_word' id='word_1_183' title='bbox 282 1742 495 1781; x_wconf 53' lang='lat' dir='ltr'>incrassata,</span> <span class='ocrx_word' id='word_1_184' title='bbox 530 1743 675 1772; x_wconf 86' lang='lat' dir='ltr'>stratum</span> <span class='ocrx_word' id='word_1_185' title='bbox 703 1741 948 1773; x_wconf 80' lang='lat' dir='ltr'>intermedium</span> <span class='ocrx_word' id='word_1_186' title='bbox 975 1743 1129 1775; x_wconf 88' lang='lat' dir='ltr'>corticali</span> <span class='ocrx_word' id='word_1_187' title='bbox 1157 1743 1261 1785; x_wconf 87' lang='lat' dir='ltr'>duplo</span> <span class='ocrx_word' id='word_1_188' title='bbox 1287 1745 1407 1787; x_wconf 79' lang='lat' dir='ltr'>latius3</span> <span class='ocrx_word' id='word_1_189' title='bbox 1433 1745 1537 1779; x_wconf 87' lang='lat' dir='ltr'>tubus</span> <span class='ocrx_word' id='word_1_190' title='bbox 1561 1755 1646 1779; x_wconf 85' lang='lat' dir='ltr'>cen—</span> 
     </span>
     <span class='ocr_line' id='line_1_25' title="bbox 130 1799 1566 1846; baseline 0.001 -13"><span class='ocrx_word' id='word_1_191' title='bbox 130 1801 225 1833; x_wconf 81' lang='lat' dir='ltr'>tralis</span> <span class='ocrx_word' id='word_1_192' title='bbox 253 1804 433 1842; x_wconf 81' lang='lat' dir='ltr'>angustus,</span> <span class='ocrx_word' id='word_1_193' title='bbox 461 1799 551 1831; x_wconf 87' lang='lat' dir='ltr'>haud</span> <span class='ocrx_word' id='word_1_194' title='bbox 578 1801 715 1831; x_wconf 79' lang='lat' dir='ltr'>tertiam</span> <span class='ocrx_word' id='word_1_195' title='bbox 741 1802 876 1841; x_wconf 80' lang='lat' dir='ltr'>partem</span> <span class='ocrx_word' id='word_1_196' title='bbox 903 1801 1001 1833; x_wconf 80' lang='lat' dir='ltr'>strati</span> <span class='ocrx_word' id='word_1_197' title='bbox 1028 1801 1224 1834; x_wconf 84' lang='lat' dir='ltr'>intermedii</span> <span class='ocrx_word' id='word_1_198' title='bbox 1251 1805 1412 1836; x_wconf 85' lang='lat' dir='ltr'>crassitie</span> <span class='ocrx_word' id='word_1_199' title='bbox 1439 1806 1566 1846; x_wconf 79' lang='lat' dir='ltr'>aequat.</span> 
     </span>
     <span class='ocr_line' id='line_1_26' title="bbox 222 1857 1644 1901; baseline 0.002 -10"><span class='ocrx_word' id='word_1_200' title='bbox 222 1859 368 1891; x_wconf 88' lang='lat' dir='ltr'>Fructus</span> <span class='ocrx_word' id='word_1_201' title='bbox 394 1859 470 1899; x_wconf 85' lang='lat' dir='ltr'>ipse</span> <span class='ocrx_word' id='word_1_202' title='bbox 497 1867 565 1890; x_wconf 89' lang='lat' dir='ltr'>non</span> <span class='ocrx_word' id='word_1_203' title='bbox 601 1858 681 1890; x_wconf 81' lang='lat' dir='ltr'>vidi.</span> <span class='ocrx_word' id='word_1_204' title='bbox 730 1857 925 1890; x_wconf 86' lang='lat' dir='ltr'>Keramidia</span> <span class='ocrx_word' id='word_1_205' title='bbox 953 1867 969 1890; x_wconf 82' lang='lat' dir='ltr'>a</span> <span class='ocrx_word' id='word_1_206' title='bbox 997 1857 1149 1901; x_wconf 82' lang='lat' dir='ltr'>Harveyo</span> <span class='ocrx_word' id='word_1_207' title='bbox 1177 1861 1366 1901; x_wconf 84' lang='lat' dir='ltr'>pinguntur</span> <span class='ocrx_word' id='word_1_208' title='bbox 1391 1863 1644 1895; x_wconf 85' lang='lat' dir='ltr'>ovato-urceo-</span> 
     </span>
     <span class='ocr_line' id='line_1_27' title="bbox 128 1917 1643 1962; baseline 0.001 -11"><span class='ocrx_word' id='word_1_209' title='bbox 128 1919 207 1961; x_wconf 75' lang='lat' dir='ltr'>lam,</span> <span class='ocrx_word' id='word_1_210' title='bbox 247 1917 333 1950; x_wconf 80' lang='lat' dir='ltr'>infra</span> <span class='ocrx_word' id='word_1_211' title='bbox 372 1918 507 1959; x_wconf 84' lang='lat' dir='ltr'>apic-em</span> <span class='ocrx_word' id='word_1_212' title='bbox 539 1918 573 1948; x_wconf 90' lang='lat' dir='ltr'>in</span> <span class='ocrx_word' id='word_1_213' title='bbox 606 1918 731 1959; x_wconf 78' lang='lat' dir='ltr'>pagina</span> <span class='ocrx_word' id='word_1_214' title='bbox 756 1917 858 1958; x_wconf 87' lang='lat' dir='ltr'>plana</span> <span class='ocrx_word' id='word_1_215' title='bbox 885 1917 1033 1957; x_wconf 84' lang='lat' dir='ltr'>sessilia,</span> <span class='ocrx_word' id='word_1_216' title='bbox 1061 1918 1304 1962; x_wconf 87' lang='lat' dir='ltr'>erectiuscula,</span> <span class='ocrx_word' id='word_1_217' title='bbox 1331 1921 1485 1959; x_wconf 82' lang='lat' dir='ltr'>margine</span> <span class='ocrx_word' id='word_1_218' title='bbox 1510 1919 1643 1953; x_wconf 82' lang='lat' dir='ltr'>frondis</span> 
     </span>
     <span class='ocr_line' id='line_1_28' title="bbox 128 1975 1643 2019; baseline 0.001 -11"><span class='ocrx_word' id='word_1_219' title='bbox 128 1976 213 2008; x_wconf 80' lang='lat' dir='ltr'>iufra</span> <span class='ocrx_word' id='word_1_220' title='bbox 255 1975 406 2007; x_wconf 86' lang='lat' dir='ltr'>fructum</span> <span class='ocrx_word' id='word_1_221' title='bbox 445 1976 675 2008; x_wconf 82' lang='lat' dir='ltr'>circumcirca</span> <span class='ocrx_word' id='word_1_222' title='bbox 713 1975 918 2017; x_wconf 82' lang='lat' dir='ltr'>prominulo,</span> <span class='ocrx_word' id='word_1_223' title='bbox 957 1976 1192 2017; x_wconf 82' lang='lat' dir='ltr'>carpostomio</span> <span class='ocrx_word' id='word_1_224' title='bbox 1231 1984 1308 2008; x_wconf 88' lang='lat' dir='ltr'>cum</span> <span class='ocrx_word' id='word_1_225' title='bbox 1347 1979 1444 2009; x_wconf 84' lang='lat' dir='ltr'>costa</span> <span class='ocrx_word' id='word_1_226' title='bbox 1482 1979 1516 2010; x_wconf 85' lang='lat' dir='ltr'>et</span> <span class='ocrx_word' id='word_1_227' title='bbox 1543 1979 1643 2019; x_wconf 88' lang='lat' dir='ltr'>apice</span> 
     </span>
     <span class='ocr_line' id='line_1_29' title="bbox 130 2033 1643 2075; baseline 0.001 -10"><span class='ocrx_word' id='word_1_228' title='bbox 130 2034 260 2066; x_wconf 72' lang='lat' dir='ltr'>frondis</span> <span class='ocrx_word' id='word_1_229' title='bbox 287 2034 465 2074; x_wconf 85' lang='lat' dir='ltr'>parallelo.</span> <span class='ocrx_word' id='word_1_230' title='bbox 516 2033 751 2075; x_wconf 80' lang='lat' dir='ltr'>Pericarpium</span> <span class='ocrx_word' id='word_1_231' title='bbox 778 2042 933 2065; x_wconf 82' lang='lat' dir='ltr'>crassum</span> <span class='ocrx_word' id='word_1_232' title='bbox 959 2033 1116 2074; x_wconf 86' lang='lat' dir='ltr'>pluribus</span> <span class='ocrx_word' id='word_1_233' title='bbox 1141 2033 1300 2066; x_wconf 86' lang='lat' dir='ltr'>seriebus</span> <span class='ocrx_word' id='word_1_234' title='bbox 1326 2034 1529 2067; x_wconf 84' lang='lat' dir='ltr'>cellularum</span> <span class='ocrx_word' id='word_1_235' title='bbox 1555 2043 1643 2067; x_wconf 90' lang='lat' dir='ltr'>con-</span> 
     </span>
     <span class='ocr_line' id='line_1_30' title="bbox 128 2084 1643 2135; baseline 0.003 -12"><span class='ocrx_word' id='word_1_236' title='bbox 128 2094 272 2124; x_wconf 84' lang='lat' dir='ltr'>textum.</span> <span class='ocrx_word' id='word_1_237' title='bbox 329 2091 498 2123; x_wconf 85' lang='lat' dir='ltr'>Verrucas</span> <span class='ocrx_word' id='word_1_238' title='bbox 533 2090 874 2133; x_wconf 79' lang='lat' dir='ltr'>Sphaerosporarum,</span> <span class='ocrx_word' id='word_1_239' title='bbox 907 2092 940 2123; x_wconf 91' lang='lat' dir='ltr'>in</span> <span class='ocrx_word' id='word_1_240' title='bbox 973 2084 1120 2133; x_wconf 75' lang='lat' dir='ltr'>utraque</span> <span class='ocrx_word' id='word_1_241' title='bbox 1151 2092 1277 2133; x_wconf 81' lang='lat' dir='ltr'>pagina</span> <span class='ocrx_word' id='word_1_242' title='bbox 1303 2093 1344 2124; x_wconf 88' lang='lat' dir='ltr'>ad</span> <span class='ocrx_word' id='word_1_243' title='bbox 1371 2095 1490 2135; x_wconf 86' lang='lat' dir='ltr'>apices</span> <span class='ocrx_word' id='word_1_244' title='bbox 1515 2095 1643 2135; x_wconf 85' lang='lat' dir='ltr'>pinna-</span> 
     </span>
     <span class='ocr_line' id='line_1_31' title="bbox 128 2148 1640 2192; baseline 0.002 -11"><span class='ocrx_word' id='word_1_245' title='bbox 128 2159 202 2182; x_wconf 90' lang='lat' dir='ltr'>rum</span> <span class='ocrx_word' id='word_1_246' title='bbox 235 2151 480 2190; x_wconf 74' lang='lat' dir='ltr'>provenientes</span> <span class='ocrx_word' id='word_1_247' title='bbox 507 2150 619 2191; x_wconf 82' lang='lat' dir='ltr'>pinxit</span> <span class='ocrx_word' id='word_1_248' title='bbox 645 2152 679 2181; x_wconf 86' lang='lat' dir='ltr'>et</span> <span class='ocrx_word' id='word_1_249' title='bbox 705 2150 892 2191; x_wconf 83' lang='lat' dir='ltr'>descripsit</span> <span class='ocrx_word' id='word_1_250' title='bbox 915 2149 1099 2190; x_wconf 81' lang='lat' dir='ltr'>Montagne</span> <span class='ocrx_word' id='word_1_251' title='bbox 1126 2150 1146 2182; x_wconf 92' lang='lat' dir='ltr'>l.</span> <span class='ocrx_word' id='word_1_252' title='bbox 1173 2158 1202 2182; x_wconf 88' lang='lat' dir='ltr'>c.</span> <span class='ocrx_word' id='word_1_253' title='bbox 1228 2149 1297 2183; x_wconf 83' lang='lat' dir='ltr'>lab.</span> <span class='ocrx_word' id='word_1_254' title='bbox 1325 2151 1376 2183; x_wconf 78' lang='grc' dir='ltr'>Μ.</span> <span class='ocrx_word' id='word_1_255' title='bbox 1399 2148 1455 2192; x_wconf 76' lang='lat' dir='ltr'>fiq.</span> <span class='ocrx_word' id='word_1_256' title='bbox 1482 2149 1510 2183; x_wconf 88' lang='lat' dir='ltr'>I.</span> <span class='ocrx_word' id='word_1_257' title='bbox 1537 2159 1640 2185; x_wconf 81' lang='lat' dir='ltr'>n—r.</span> 
     </span>
    </p>
   </div>
   <div class='ocr_carea' id='block_1_9' title="bbox 125 2330 1639 2650">
    <p class='ocr_par' dir='ltr' id='par_1_9' title="bbox 129 2330 1639 2382">
     <span class='ocr_line' id='line_1_32' title="bbox 129 2330 1639 2382; baseline 0.001 -12"><span class='ocrx_word' id='word_1_258' title='bbox 129 2332 162 2370; x_wconf 88' lang='lat'>3.</span> <span class='ocrx_word' id='word_1_259' title='bbox 195 2336 355 2371; x_wconf 51' lang='lat' dir='ltr'>Densus.</span> <span class='ocrx_word' id='word_1_260' title='bbox 412 2330 543 2371; x_wconf 78' lang='lat' dir='ltr'>Frons</span> <span class='ocrx_word' id='word_1_261' title='bbox 574 2342 752 2382; x_wconf 72' lang='lat' dir='ltr'>superne</span> <span class='ocrx_word' id='word_1_262' title='bbox 782 2331 1049 2381; x_wconf 78' lang='lat' dir='ltr'>complanata</span> <span class='ocrx_word' id='word_1_263' title='bbox 1079 2335 1255 2381; x_wconf 78' lang='lat' dir='ltr'>costula,</span> <span class='ocrx_word' id='word_1_264' title='bbox 1284 2331 1448 2382; x_wconf 73' lang='lat' dir='ltr'>inferne</span> <span class='ocrx_word' id='word_1_265' title='bbox 1487 2340 1639 2381; x_wconf 80' lang='lat' dir='ltr'>auceps</span> 
     </span>
    </p>

    <p class='ocr_par' dir='ltr' id='par_1_10' title="bbox 129 2398 1638 2449">
     <span class='ocr_line' id='line_1_33' title="bbox 129 2398 1638 2449; baseline -0.001 -10"><span class='ocrx_word' id='word_1_266' title='bbox 129 2408 274 2439; x_wconf 79' lang='lat' dir='ltr'>erasse</span> <span class='ocrx_word' id='word_1_267' title='bbox 304 2400 481 2446; x_wconf 74' lang='lat' dir='ltr'>costula,</span> <span class='ocrx_word' id='word_1_268' title='bbox 513 2402 630 2438; x_wconf 81' lang='lat' dir='ltr'>cosla</span> <span class='ocrx_word' id='word_1_269' title='bbox 660 2402 795 2438; x_wconf 74' lang='lat' dir='ltr'>struto</span> <span class='ocrx_word' id='word_1_270' title='bbox 826 2398 1015 2438; x_wconf 75' lang='lat' dir='ltr'>cortiealz‘</span> <span class='ocrx_word' id='word_1_271' title='bbox 1045 2400 1089 2438; x_wconf 75' lang='lat' dir='ltr'>ln</span> <span class='ocrx_word' id='word_1_272' title='bbox 1113 2400 1271 2449; x_wconf 73' lang='lat' dir='ltr'>payz&#39;uu</span> <span class='ocrx_word' id='word_1_273' title='bbox 1292 2398 1427 2448; x_wconf 79' lang='lat' dir='ltr'>plana</span> <span class='ocrx_word' id='word_1_274' title='bbox 1450 2399 1638 2438; x_wconf 71' lang='lat' dir='ltr'>crassis-</span> 
     </span>
    </p>

    <p class='ocr_par' dir='ltr' id='par_1_11' title="bbox 127 2458 1636 2516">
     <span class='ocr_line' id='line_1_34' title="bbox 127 2458 1636 2516; baseline -0.001 -10"><span class='ocrx_word' id='word_1_275' title='bbox 127 2468 232 2506; x_wconf 78' lang='lat' dir='ltr'>sz‘mo</span> <span class='ocrx_word' id='word_1_276' title='bbox 263 2464 434 2506; x_wconf 71' lang='lat' dir='ltr'>oblecta,</span> <span class='ocrx_word' id='word_1_277' title='bbox 480 2464 723 2504; x_wconf 70' lang='lat' dir='ltr'>Iseramulia</span> <span class='ocrx_word' id='word_1_278' title='bbox 751 2464 866 2516; x_wconf 64' lang='lat' dir='ltr'>iusi-a</span> <span class='ocrx_word' id='word_1_279' title='bbox 896 2466 1035 2514; x_wconf 71' lang='lat' dir='ltr'>apices</span> <span class='ocrx_word' id='word_1_280' title='bbox 1053 2467 1282 2515; x_wconf 74' lang='lat' dir='ltr'>pinnarum</span> <span class='ocrx_word' id='word_1_281' title='bbox 1304 2458 1636 2514; x_wconf 59' lang='lat' dir='ltr'>subterminalz&#39;oe</span> 
     </span>
    </p>

    <p class='ocr_par' dir='ltr' id='par_1_12' title="bbox 125 2531 1635 2650">
     <span class='ocr_line' id='line_1_35' title="bbox 125 2531 1635 2583; baseline -0.001 -11"><span class='ocrx_word' id='word_1_282' title='bbox 125 2534 241 2573; x_wconf 76' lang='lat' dir='ltr'>lutra</span> <span class='ocrx_word' id='word_1_283' title='bbox 278 2533 573 2583; x_wconf 74' lang='lat' dir='ltr'>pericarpz‘um,</span> <span class='ocrx_word' id='word_1_284' title='bbox 610 2532 807 2581; x_wconf 67' lang='lat' dir='ltr'>plurimis</span> <span class='ocrx_word' id='word_1_285' title='bbox 852 2531 1037 2571; x_wconf 79' lang='lat' dir='ltr'>seriebus</span> <span class='ocrx_word' id='word_1_286' title='bbox 1084 2532 1325 2572; x_wconf 78' lang='lat' dir='ltr'>cellularum</span> <span class='ocrx_word' id='word_1_287' title='bbox 1354 2533 1635 2581; x_wconf 69' lang='lat' dir='ltr'>constitutum,</span> 
     </span>
     <span class='ocr_line' id='line_1_36' title="bbox 544 2598 1219 2650; baseline -0.001 -10"><span class='ocrx_word' id='word_1_288' title='bbox 544 2599 732 2640; x_wconf 80' lang='lat' dir='ltr'>nucleum</span> <span class='ocrx_word' id='word_1_289' title='bbox 761 2598 992 2639; x_wconf 79' lang='lat' dir='ltr'>subnudum</span> <span class='ocrx_word' id='word_1_290' title='bbox 1019 2598 1219 2650; x_wconf 74' lang='lat' dir='ltr'>foventia.</span> 
     </span>
    </p>
   </div>
   <div class='ocr_carea' id='block_1_10' title="bbox 128 2733 1633 2921">
    <p class='ocr_par' dir='ltr' id='par_1_13' title="bbox 128 2733 1633 2921">
     <span class='ocr_line' id='line_1_37' title="bbox 128 2733 1633 2784; baseline -0.002 -8"><span class='ocrx_word' id='word_1_291' title='bbox 128 2738 160 2778; x_wconf 75' lang='lat'>4.</span> <span class='ocrx_word' id='word_1_292' title='bbox 204 2741 241 2776; x_wconf 89' lang='lat' dir='ltr'>D.</span> <span class='ocrx_word' id='word_1_293' title='bbox 287 2746 437 2774; x_wconf 62' lang='lat' dir='ltr'>sennam</span> <span class='ocrx_word' id='word_1_294' title='bbox 485 2738 617 2782; x_wconf 76' lang='lat' dir='ltr'>[lsulz.</span> <span class='ocrx_word' id='word_1_295' title='bbox 665 2737 726 2784; x_wconf 85' lang='lat' dir='ltr'>Sp.</span> <span class='ocrx_word' id='word_1_296' title='bbox 773 2735 851 2783; x_wconf 72' lang='lat' dir='ltr'>Alq.</span> <span class='ocrx_word' id='word_1_297' title='bbox 891 2747 980 2784; x_wconf 77' lang='lat' dir='ltr'>paq.</span> <span class='ocrx_word' id='word_1_298' title='bbox 1026 2733 1124 2780; x_wconf 70' lang='lat'><strong>774)</strong></span> <span class='ocrx_word' id='word_1_299' title='bbox 1168 2735 1300 2773; x_wconf 81' lang='lat' dir='ltr'>fronde</span> <span class='ocrx_word' id='word_1_300' title='bbox 1343 2734 1633 2784; x_wconf 87' lang='lat' dir='ltr'>decomposito-</span> 
     </span>
     <span class='ocr_line' id='line_1_38' title="bbox 236 2802 1632 2854; baseline -0.003 -13"><span class='ocrx_word' id='word_1_301' title='bbox 236 2806 385 2854; x_wconf 80' lang='lat' dir='ltr'>pinnata</span> <span class='ocrx_word' id='word_1_302' title='bbox 424 2805 795 2852; x_wconf 80' lang='lat' dir='ltr'>serrato-pectinata,</span> <span class='ocrx_word' id='word_1_303' title='bbox 835 2814 999 2851; x_wconf 88' lang='lat' dir='ltr'>superne</span> <span class='ocrx_word' id='word_1_304' title='bbox 1041 2806 1155 2840; x_wconf 86' lang='lat' dir='ltr'>tenue</span> <span class='ocrx_word' id='word_1_305' title='bbox 1186 2806 1325 2841; x_wconf 79' lang='lat' dir='ltr'>castata</span> <span class='ocrx_word' id='word_1_306' title='bbox 1357 2802 1632 2849; x_wconf 81' lang='lat' dir='ltr'>lateraliterque</span> 
     </span>
     <span class='ocr_line' id='line_1_39' title="bbox 237 2868 1631 2921; baseline -0.002 -13"><span class='ocrx_word' id='word_1_307' title='bbox 237 2871 406 2908; x_wconf 81' lang='lat' dir='ltr'>obsolete</span> <span class='ocrx_word' id='word_1_308' title='bbox 445 2883 595 2921; x_wconf 76' lang='lat' dir='ltr'>venosa,</span> <span class='ocrx_word' id='word_1_309' title='bbox 633 2874 733 2908; x_wconf 83' lang='lat' dir='ltr'>cosla</span> <span class='ocrx_word' id='word_1_310' title='bbox 772 2870 919 2908; x_wconf 75' lang='lat' dir='ltr'>inferne</span> <span class='ocrx_word' id='word_1_311' title='bbox 959 2872 1176 2908; x_wconf 87' lang='lat' dir='ltr'>evolutione</span> <span class='ocrx_word' id='word_1_312' title='bbox 1213 2869 1314 2907; x_wconf 86' lang='lat' dir='ltr'>strati</span> <span class='ocrx_word' id='word_1_313' title='bbox 1351 2868 1537 2906; x_wconf 83' lang='lat' dir='ltr'>corticalis</span> <span class='ocrx_word' id='word_1_314' title='bbox 1570 2869 1631 2905; x_wconf 92' lang='lat' dir='ltr'>in-</span> 
     </span>
    </p>
   </div>
  </div>
 </body>
</html>
