1728 3110
136 106 151 145 Ἰ
169 105 221 145 12
233 105 255 145 8
752 102 1037 145 RnononEtEAE.
1467 107 1651 152 Vidazia.

126 234 342 267 evolutione
369 233 629 267 stichidiorum
657 244 763 267 secus
791 233 952 266 medium
983 234 1095 266 unius
1120 235 1263 277 paginae
1278 235 1488 279 incrassata,
1502 236 1651 268 costatae

126 292 408 336 quodammodo
446 293 518 325 sert
556 293 727 336 speciem.
784 292 898 325 Color
935 297 1245 336 atropurpureus.
1296 293 1511 326 Substantia
1548 294 1652 326 firma

128 350 259 393 rigida,
285 351 338 383 ita
364 356 406 383 ut
433 350 569 383 charta*
597 361 671 383 non
696 350 892 383 adhaereat.

219 409 537 442 Transversaliter
563 412 662 441 secta
687 409 842 453 adparet
869 409 1045 441 laminam
1073 408 1214 452 duplici
1241 412 1306 442 aut
1332 410 1473 453 triplici
1499 410 1651 443 cellula-

127 478 210 500 rum
238 470 355 500 strato
383 477 461 499 esse
503 472 738 509 context-dmg
777 468 956 499 interiore
993 466 1137 499 cellulis
1174 467 1387 507 majoribus,
1425 470 1461 500 et
1486 468 1653 501 corticali

125 525 272 558 cellulis
300 525 509 558 minoribus
537 526 678 558 cubicis
701 525 991 558 endoehromate
1018 525 1170 557 densius
1197 525 1350 568 repletis
1366 526 1583 559 constituto.
1610 527 1651 559 In

126 586 244 616 strato
270 584 449 616 interiore
476 584 606 616 mediae
633 584 715 616 duee
742 584 961 616 cellularum
990 584 1105 615 series
1132 583 1317 626 parallelae
1344 585 1441 617 inter
1468 586 1652 627 margines

125 647 300 682 extensae,
326 643 471 676 cellulis
500 643 611 686 paulo
639 643 844 685 majoribus
871 646 906 675 et
933 643 1050 685 magis
1077 642 1306 684 rectangulis
1332 644 1553 681 constitutae,
1580 645 1653 686 pri-

121 703 248 735 mariae
275 701 471 744 videntur,
500 712 703 745 earumque
730 701 924 740 divisione,
953 701 991 733 ni
1017 700 1137 739 fallor,
1165 701 1341 735 oriuntur
1357 702 1492 735 sensim
1509 701 1652 735 cellulae

122 762 228 794 strati
256 762 447 793 interioris
474 761 693 800 exteriores,
721 761 884 792 minores
912 763 947 791 et
975 760 1092 801 magis
1118 759 1340 792 rotundatae.

214 820 366 854 Modum
396 819 587 851 crescendi
613 822 649 851 et
675 829 801 850 veram
840 818 1118 850 ramificationis
1161 828 1325 849 normam
1366 816 1475 859 hujus
1518 819 1651 860 speciei

123 882 297 912 auctores
323 878 463 911 laudati
490 877 589 910 haud
616 878 710 910 bene
737 879 942 920 exponunt,
968 876 1066 908 unde
1093 876 1400 919 descriptionesa
1423 879 1553 910 nostra
1579 887 1651 910 non

125 948 255 981 parum
284 937 508 979 discrepant.
558 936 733 968 Nostram
762 938 885 967 tamen
914 936 1074 977 speciem
1103 946 1185 967 cum
1216 935 1436 977 Harveyana
1456 945 1535 967 esse
1551 935 1654 968 iden-

124 998 233 1030 ticam
263 1007 334 1029 non
364 996 514 1039 dubitog
554 997 739 1039 specimen
780 996 877 1027 enim
917 994 1143 1036 descriptum
1172 994 1217 1027 ab
1243 995 1325 1037 ipso
1351 995 1484 1038 accepi,
1510 997 1545 1026 et
1570 995 1654 1027 icon

126 1055 212 1087 data
240 1058 416 1087 caeterum
443 1053 612 1087 habitum
641 1053 775 1096 plantae
801 1053 895 1085 bene
915 1053 1101 1096 exprimit.
1151 1052 1349 1086 Crescendi
1377 1052 1509 1086 modus
1536 1056 1572 1085 et
1597 1063 1654 1085 ra-

126 1115 365 1147 mificationis
391 1124 531 1151 norma,
559 1123 624 1144 nec
651 1122 724 1145 non
752 1111 933 1151 stichidia,
960 1122 1072 1144 unani
1102 1112 1275 1153 paginam
1304 1114 1448 1144 tantum
1471 1121 1654 1153 occupan-

128 1174 187 1213 tia,
214 1177 302 1206 sunt
328 1172 561 1205 characteres
588 1171 726 1215 quibus
753 1182 773 1203 a
798 1171 841 1202 V.
867 1170 995 1214 spirali
1023 1170 1171 1210 recedit,
1198 1170 1301 1203 velut
1317 1169 1471 1203 exhibet
1494 1173 1655 1203 structu-

130 1242 209 1264 ram
236 1231 455 1263 interiorem
483 1229 762 1273 aliquantulum
790 1229 987 1261 diversam.

124 1368 161 1408 7.
195 1367 276 1406 V.?
306 1368 629 1406 Kiirzmfflomsss
662 1367 800 1416 (Harv.
842 1366 958 1415 Phyle.
1000 1370 1120 1404 (lustr.
1163 1367 1235 1404 tab.
1266 1367 1344 1418 LI)
1375 1371 1496 1406 tenue
1527 1381 1653 1406 mem-

237 1436 436 1474 branacea
465 1434 698 1481 ecorticata,
730 1434 874 1473 fronde
906 1433 1051 1471 lineari
1082 1434 1202 1485 plana
1232 1447 1254 1471 a
1279 1434 1461 1486 margine
1493 1434 1654 1473 decom-

235 1500 559 1554 posito-pinnata
590 1501 860 1551 dentibusque
892 1500 1141 1539 intermixtis
1184 1500 1363 1539 incurvis
1405 1501 1561 1541 frondis
1593 1502 1651 1541 di-

234 1568 401 1607 midiam
432 1567 686 1606 latitudinem
732 1568 836 1606 haud
879 1567 1133 1618 aequantibus
1175 1573 1339 1614 serrata,
1381 1568 1580 1607 stichidiis
1610 1569 1652 1608 in

235 1635 387 1687 pagina
418 1633 538 1686 plana
584 1633 834 1672 fasciculatis
877 1634 1208 1686 simpliciusculis
1251 1634 1472 1675 linearibus
1517 1635 1652 1675 incur-

235 1702 309 1748 vis,
341 1701 579 1740 keramidiis
609 1730 619 1739 .
655 1730 664 1738 .
697 1730 706 1739 .
739 1731 746 1738 .

221 1781 401 1814 Amansia
426 1780 712 1823 Kiitzingioides
740 1778 861 1813 Harv.
888 1778 910 1812 l.
937 1787 966 1812 c.

217 1839 419 1881 Kiitzingia
439 1840 586 1871 'serrata
610 1836 730 1871 Harv.
755 1838 795 1871 m
822 1836 955 1870 Trans.
980 1835 1095 1870 Irish.
1123 1836 1188 1870 Ae.
1222 1833 1297 1870 Vol.
1325 1838 1366 1870 22
1387 1847 1427 1880 p.
1465 1839 1542 1873 583.
1570 1837 1651 1882 Aly.

126 1898 247 1930 austr.
274 1895 402 1929 Exsic.
428 1904 488 1928 wo
515 1896 592 1928 132.

234 1965 336 2004 Hab.
367 1966 520 2015 rejecta
550 1965 599 2003 ad
633 1964 824 2003 Rottnest
853 1963 1029 2002 Insulam
1063 1963 1280 2003 Australiae
1311 1964 1521 2016 (Harvey).

222 2044 384 2078 Frondis
411 2054 497 2086 pars
530 2044 686 2075 inferior
723 2042 935 2075 caulescens
973 2042 1224 2085 cartilaginea,
1265 2043 1480 2076 membrana
1517 2045 1651 2087 margi-

126 2105 237 2136 nante
263 2103 455 2141 destituta,
482 2102 652 2143 superior
678 2112 698 2133 a
725 2100 759 2132 la
793 2103 951 2143 angusta
978 2101 1258 2133 membranacea
1291 2104 1431 2134 serrata
1456 2103 1650 2135 instructa.

124 2161 281 2195 Laciniae
308 2162 488 2204 patentes,
514 2159 670 2192 distichi·
699 2164 763 2190 aut
789 2158 1035 2201 irregularius
1058 2160 1214 2198 insertae,
1230 2162 1337 2192 tenue
1353 2159 1650 2209 mmbranaceae,

128 2223 231 2253 costa
258 2219 360 2251 tenui
388 2228 586 2262 percursa‘,
615 2220 823 2250 transverse
863 2217 1015 2260 oblique
1053 2217 1202 2255 striataev
1230 2217 1312 2260 plus
1341 2218 1464 2250 minus
1489 2219 1650 2262 pinnati-

126 2279 217 2315 fida:
238 2276 405 2319 juniores
434 2276 680 2319 simpliciores
708 2277 868 2307 seri-atax
894 2275 1062 2307 Pinnula=
1089 2275 1223 2308 lineam
1251 2277 1396 2308 circiter
1422 2276 1515 2315 lat-(e,
1547 2278 1650 2320 apice

126 2337 255 2370 stricto
280 2336 319 2367 in
346 2334 475 2367 dentes
500 2334 519 2365 2
548 2334 749 2377 productae.
800 2333 1014 2366 Membrana
1040 2333 1187 2366 cellulis
1222 2333 1438 2377 hexagonis,
1464 2334 1648 2367 diametro

126 2395 231 2440 4-plo
257 2395 332 2427 fere
358 2393 606 2436 longioribus,
645 2393 753 2425 lineis
792 2392 989 2435 pellucidis
1020 2394 1210 2436 separatis,
1237 2397 1422 2426 contexta.
1471 2393 1650 2427 Stichidia

127 2456 165 2487 in
192 2454 332 2487 lamina
357 2462 494 2496 sparsa,
519 2452 746 2491 fasciculata,
767 2451 1119 2491 lineari-attenuata,
1158 2453 1259 2495 apice
1276 2453 1440 2492 incurva,
1461 2453 1648 2496 duplicem

129 2514 262 2546 seriem
291 2511 636 2555 spha=rosporarum
664 2511 840 2543 foventia.
889 2509 1000 2543 Color
1030 2511 1306 2544 fusco-rubens.
1357 2511 1572 2544 Substantia
1597 2513 1648 2545 ri-

128 2572 215 2616 gida
241 2574 277 2603 et
304 2571 594 2607 membranacea,
620 2570 754 2602 chartae
782 2579 854 2601 non
882 2569 1083 2602 adhaerens.

222 2631 277 2663 Ita
302 2630 378 2661 fere
412 2629 569 2671 Harvey,
608 2629 673 2672 qui
710 2627 845 2670 plantes
883 2627 1001 2659 adhuc
1041 2629 1237 2660 rarissima*
1275 2628 1460 2670 specimen
1498 2628 1645 2659 unicum

128 2687 234 2721 vidit.
284 2687 416 2721 Colore
457 2691 490 2718 et
518 2686 694 2729 adspectu
721 2685 937 2727 Kutzingiae,
970 2684 1080 2727 liujus
1118 2686 1264 2727 generis
1301 2686 1458 2727 speciem
1486 2685 1645 2727 primum

129 2746 322 2789 judicavit,
348 2745 432 2777 dein
459 2745 656 2777 observata
683 2746 871 2776 structura
897 2744 1119 2776 membranae
1146 2743 1189 2775 ad
1205 2743 1421 2776 Amansiam
1442 2742 1644 2775 transtulit.

222 2806 279 2838 Ex
306 2806 411 2837 icone
440 2804 533 2844 data,
559 2806 745 2836 structura
770 2813 843 2836 non
871 2804 1022 2835 omnino
1062 2803 1272 2846 perspicua·7
1304 2802 1393 2834 latet
1420 2804 1547 2833 utrum
1574 2802 1644 2834 cel-

130 2863 216 2896 lulae
241 2862 446 2905 hexagonae
473 2861 615 2894 duabus
641 2872 687 2894 an
718 2862 826 2894 unica
852 2861 946 2893 serie
973 2861 1163 2905 dispositau
1190 2861 1274 2892 sint.
1324 2858 1411 2892 Mihi
1437 2858 1583 2893 habitus
1610 2862 1645 2893 et
