1728 3110
85 120 396 173 Chondriopsis.
696 113 981 156 RHODOMELEAE.
1516 116 1539 157 3
1549 116 1574 157 O
1586 118 1606 158 7

79 250 171 292 sita3
197 247 253 280 hae
279 248 458 280 nimirum
485 248 523 279 in
548 247 587 279 L.
615 246 788 279 sti-iolata
814 247 934 280 multo
961 250 1079 291 magis
1107 248 1301 291 elongatae,
1315 251 1353 282 in
1370 251 1483 282 ramis
1501 251 1610 283 strias

79 308 271 350 elongatas
309 305 494 338 diametro
533 303 708 347 multiplo
746 303 939 346 longiores
966 306 1144 340 referunt.
1195 305 1258 340 Ch.
1286 308 1506 340 tenuissima
1534 318 1610 341 var.

78 367 224 400 minuta
263 363 330 406 Ay.
369 361 434 404 Sp.
468 371 508 404 p.
547 362 624 401 352,
662 372 679 394 6
706 362 833 395 littore
859 362 972 395 Novae
998 364 1206 397 Hollandiae
1233 368 1436 408 reportata,
1463 369 1518 399 est
1544 365 1610 399 Ch.

79 423 257 458 striolatae
283 421 455 464 proxima
483 424 519 452 et
545 421 583 452 ni
610 419 721 453 fallor
746 419 923 452 identica.

168 481 373 515 Laurencia
398 479 601 522 Baileyana
627 477 748 512 Movet.
777 475 875 511 Ceut.
910 476 971 511 VI.
997 487 1056 511 vso
1083 481 1126 512 55
1154 481 1191 512 111
1219 480 1318 512 Anu.
1348 479 1406 514 Sc.
1425 479 1611 515 Nat.Seo·.

77 537 155 574 III.
189 536 264 571 Vol.
290 538 321 570 2.
342 546 384 578 1).
410 536 466 570 63.
503 534 596 579 Syll.
629 544 688 569 wo
715 536 816 569 1513.
838 545 879 577 1).
906 536 973 568 42ss
1000 534 1130 578 (Kate.
1157 535 1221 578 Sp.
1242 546 1283 578 p.
1310 538 1420 579 853⁷),
1447 551 1529 583 quae
1556 544 1611 573 est

79 597 265 632 Chondria
305 596 506 638 Bailcyana
544 593 665 627 Hares.
706 592 796 627 Ner.
837 592 926 626 Bor.
966 593 1089 627 Amer.
1116 603 1157 635 p.
1185 595 1239 628 20.
1268 594 1341 628 tab.
1370 594 1523 629 XVIII.
1551 596 1611 638 A„

78 654 169 688 mihi
207 664 289 687 cum
331 653 396 687 Ch.
435 653 607 686 striolata
646 653 809 685 ideniica
848 652 1009 685 videtur.
1059 653 1136 684 Sec.
1175 653 1323 686 Iconem
1352 654 1610 697 Harveyanam

79 712 214 746 ramuli
251 713 291 744 111
328 711 394 744 Ch.
432 711 634 753 Baileyana
674 712 793 753 magis
832 711 950 742 forma
992 711 1127 742 clavati
1166 714 1308 754 essentg
1348 713 1611 745 intermediam

79 781 230 816 quoque
268 772 367 803 inter
406 769 471 803 oh.
513 770 771 802 tenuissimam
811 772 847 800 et
886 768 951 801 Ch.
990 768 1256 812 ‹lasyphyllam
1297 772 1414 813 putat.
1464 771 1546 813 Ipso
1574 772 1610 802 in

79 829 346 875 speciminibus
377 839 397 861 a
423 829 572 871 Harvcy
599 828 761 871 acceptis
789 827 953 860 ramulos
981 827 1186 860 adultiores
1215 827 1295 860 basi
1322 827 1481 870 longius,
1510 830 1612 870 apice

79 888 277 931 abruptius
304 889 516 919 attenuatas
545 896 695 930 quoque
724 886 808 926 vidi,
847 888 884 917 at
910 885 973 917 alii
1002 888 1089 917 sunt
1116 885 1290 929 subaeque
1317 886 1496 929 utrinque
1522 888 1614 917 atte-

79 947 195 979 nuati.
247 946 301 978 Ita
339 955 490 989 quoque
531 946 568 977 iu
606 944 671 977 Ch.
711 944 894 977 striclata.
948 945 1148 986 Moutagne
1182 954 1331 987 quoque
1360 944 1525 977 ramulos
1552 944 1614 976 de-

80 1006 228 1049 scripsit
264 1006 302 1037 in
329 1005 483 1037 modum
510 1004 576 1037 Ch.
609 1005 836 1037 tenuissimsc
866 1005 1045 1047 utrinque
1073 1006 1295 1036 attenuatos.
1346 1003 1496 1036 Ramuli
1524 1014 1615 1046 pra·-

80 1067 181 1096 terea
219 1066 304 1095 sunt
342 1072 437 1105 saepe
476 1063 611 1095 iterum
653 1062 833 1095 ramulosi
878 1065 935 1099 (ut
975 1061 1042 1094 hoc
1080 1071 1228 1105 quoque
1258 1062 1295 1093 111
1323 1060 1388 1094 Ch.
1416 1061 1615 1101 striolata),

80 1108 179 1166 quod
214 1122 457 1164 expressione
498 1122 676 1153 ramentis
716 1121 907 1154 subternis
947 1119 1178 1152 intellexisse
1217 1120 1366 1153 videtur
1403 1121 1614 1162 Montagne.

80 1181 225 1215 Sterilis
253 1184 288 1212 et
315 1181 433 1223 magis
455 1179 636 1221 juvenilis
663 1179 729 1213 Ch.
757 1179 929 1212 striolata
957 1178 1069 1210 habet
1096 1178 1261 1211 ramulos
1288 1178 1497 1211 adultiores
1520 1188 1614 1220 saepe

81 1249 224 1280 curvos,
261 1242 303 1272 ut
330 1237 399 1272 hoc
427 1250 578 1283 quoque
604 1239 679 1271 vidi
706 1240 743 1271 in
771 1239 892 1282 specie
919 1238 1164 1282 Americana3
1192 1239 1385 1271 fructifera
1412 1237 1477 1271 Ch.
1504 1239 1615 1270 strio-

79 1298 155 1331 lata
180 1298 298 1340 magis
326 1297 568 1340 cartilaginea
595 1307 707 1341 quam
736 1298 940 1340 specimina
966 1297 1042 1329 vidi
1070 1296 1136 1330 Ch.
1163 1297 1384 1340 Baileyanae.
1417 1297 1615 1329 Structura

81 1355 303 1389 cellularum
341 1355 584 1396 corticalium,
623 1366 694 1399 qua
734 1355 825 1388 1111111
863 1366 882 1388 a
920 1354 983 1388 Ch.
1025 1356 1243 1388 tenuissima
1282 1356 1409 1399 utique
1436 1355 1614 1387 distincta

83 1416 242 1456 videtur,
268 1417 429 1459 utraque
458 1416 642 1447 convenit.

81 1557 120 1596 9.
154 1558 228 1596 CH.
273 1569 505 1595 mvERcENs
550 1556 601 1604 (J.
632 1555 707 1603 Ay.
737 1557 863 1604 mser.)
896 1554 1052 1593 frondis
1083 1551 1617 1592 (111111161110-11111103133111116

192 1624 316 1662 ramis
363 1623 490 1674 vagis,
522 1621 793 1660 adultioribus
832 1634 986 1659 sursum
1021 1619 1176 1658 eximie
1206 1617 1425 1657 attenuatis
1455 1629 1527 1669 per
1557 1622 1617 1656 to-

193 1696 273 1729 tam
304 1689 606 1740 longitudinem
639 1688 783 1727 obsitis
814 1688 980 1726 ramulis
1012 1685 1305 1738 patentissimis
1337 1689 1377 1722 et
1401 1684 1618 1734 divergen-

192 1757 299 1796 tibus
346 1755 521 1800 obtusis,
575 1754 950 1807 sphaerosporiferis
996 1752 1320 1793 subfasciculatis
1365 1751 1615 1789 clavato-ob-

196 1823 344 1874 longis,
385 1821 623 1860 keramidiis
656 1851 664 1859 .
698 1851 706 1858 .
744 1852 750 1859 .
786 1853 792 1859 .
825 1820 986 1858 cellulis
1019 1819 1281 1859 corticalibus
1311 1818 1441 1856 lineas
1471 1829 1616 1857 conca-

191 1894 348 1929 tenatas
379 1889 668 1928 referentibus,

172 1969 297 2002 Fucus
323 1968 536 2001 muscoides
570 1964 682 2007 Wulf.
712 1964 838 2008 Crypt.
865 1975 953 2007 aqu.
979 1974 1039 1998 wo
1067 1966 1134 1998 22⁴?

173 2028 381 2060 Laurencia
419 2025 643 2068 dasyphylla
682 2035 758 2058 var.
797 2034 1000 2068 squarrosa
1034 2022 1155 2057 Harv.
1183 2021 1298 2064 Phyc.
1325 2020 1422 2054 Brit.
1449 2018 1518 2052 sub
1544 2016 1616 2051 tab„

84 2083 200 2118 CLII.

191 2156 294 2194 Hab.
338 2155 379 2192 in
424 2154 591 2192 sinubus
629 2153 983 2204 tranquillioribus
1014 2151 1136 2190 maris
1169 2148 1367 2188 Adriatici
1398 2147 1448 2185 ad
1479 2145 1614 2182 Vene-

84 2221 180 2260 tiam
213 2221 276 2266 (C.
308 2221 513 2273 Agar-dist)
547 2224 587 2258 et
616 2219 907 2258 mediterranei
939 2219 988 2256 ad
1022 2217 1183 2255 Cannes
1215 2214 1470 2264 (Giraudyi).

177 2300 355 2344 Caespites
395 2299 485 2332 2—6
525 2299 734 2343 pollicares,
761 2300 875 2332 ramis
913 2296 1199 2339 divergentibus
1226 2297 1262 2327 et
1290 2289 1615 2326 concrescentibus

85 2360 262 2391 intricati.
312 2358 480 2392 Frondes
508 2358 584 2391 vidi
604 2357 792 2400 juveniles
820 2360 983 2389 setaceas
1010 2357 1046 2387 et
1072 2354 1149 2386 fere
1171 2351 1366 2395 capillares
1384 2348 1614 2389 eandemque

84 2417 160 2449 fere
187 2417 328 2460 ubique
355 2417 563 2449 crassitiem
591 2419 792 2457 servantes,
825 2418 937 2459 atque
963 2413 1172 2446 adultiores
1198 2410 1278 2443 basi
1305 2416 1464 2451 pennam
1491 2413 1614 2447 passe-

86 2475 205 2507 rinam
232 2475 399 2507 crassitie
425 2476 628 2517 aequantes,
667 2483 813 2506 sursum
854 2474 892 2505 111
928 2471 1149 2503 tenuitatem
1179 2468 1255 2499 fere
1282 2463 1496 2507 capillarem
1522 2463 1614 2493 atte-

89 2535 230 2573 nuatas,
257 2533 769 2571 divaricato-ramosissimas'
804 2532 917 2564 ramis
945 2526 1177 2570 subsingulis
1204 2521 1460 2557 conformibus
1485 2522 1615 2562 paten-

87 2592 240 2623 tissimis
278 2601 345 2634 per
384 2594 501 2624 totam
528 2591 805 2633 longitudinem
833 2588 1042 2626 ramulosiS‚
1074 2584 1240 2628 apicibus
1267 2581 1505 2622 divergenter
1530 2587 1615 2620 por-

86 2649 209 2681 rectis.
258 2648 408 2681 Ramuli
448 2647 587 2690 angulo
626 2648 703 2679 sere
742 2651 844 2679 recto
883 2644 1117 2687 egredientes
1154 2640 1262 2672 initio
1290 2635 1438 2679 singuli,
1464 2635 1615 2667 demum

88 2707 123 2736 et
160 2706 345 2738 fructiferi
383 2705 602 2745 fasciculati,
641 2705 838 2737 inferiores
876 2702 1040 2743 elongati
1080 2701 1115 2730 et
1151 2699 1289 2729 iterum
1316 2704 1412 2726 nova
1439 2693 1533 2724 serie
1559 2693 1615 2724 in-

89 2765 231 2803 structi,
258 2765 471 2807 superiores
499 2764 637 2795 sensim
663 2763 866 2801 breviores,
892 2768 1021 2793 omncs
1048 2755 1285 2797 diver-gentes
1312 2751 1446 2790 obtusi,
1467 2750 1614 2783 steriles

88 2822 266 2866 utrinque
306 2833 438 2865 parum
477 2822 676 2861 attenuati,
722 2817 1043 2864 sphaerosporiferi
1085 2814 1167 2847 basi
1211 2810 1331 2844 sterili
1368 2809 1557 2842 tenuiores
1597 2819 1617 2841 a

89 2879 211 2912 medio
250 2881 398 2911 circiter
438 2879 644 2918 incrassati,
682 2879 820 2910 iterum
860 2884 988 2908 versus
1027 2873 1167 2915 apicem
1201 2869 1381 2902 attenuati
1414 2869 1451 2899 at
1478 2866 1614 2900 obtusi.
