1728 3110
152 108 245 150 758
785 103 1015 147 Cnoxnmffle.
1414 102 1662 148 Laurencia.

152 239 208 279 48.
237 243 271 279 L.
303 246 513 276 SETICULOSA
544 237 707 283 (Forslc.
746 236 802 274 Fl.
841 237 997 286 AEqypt.
1036 238 1151 277 Arab.
1181 250 1219 287 p.
1254 239 1347 287 488)
1385 238 1519 276 fronde
1551 239 1662 276 tereti

254 316 561 354 quoquoversum
607 315 694 353 vage
740 316 887 342 ramosa
930 309 967 342 et
1009 307 1092 355 plus
1135 306 1259 345 minus
1302 307 1420 346 dense
1466 306 1662 357 papillosa,

254 374 399 423 papillis
431 373 468 410 in
499 373 616 410 sterili
648 372 899 422 sparsioribus
930 374 1199 421 patentissimis
1217 374 1401 422 elongatis
1418 372 1662 422 cylindraceis

253 441 360 490 apice
391 440 525 478 obtuso
558 440 815 490 inaequalibus,
838 441 1033 488 sporiierae
1050 441 1381 480 subconsormibus
1398 440 1662 491 verruculosis,

254 508 486 557 capsuliserae
529 507 566 545 in
605 519 708 545 ramo
747 507 964 545 abbreviato
1007 508 1147 546 ambitu
1190 509 1398 547 lanceolato
1431 508 1662 546 densissimis

252 575 767 623 subbotryoideo-congestis
806 575 1063 613 crectiusculis
1101 588 1264 626 superne
1296 577 1530 626 sparsissime
1561 576 1661 613 den-

253 643 695 694 ticulato-inaequalibus,
733 642 947 680 keramidiis
991 643 1320 692 spbaerico—ovatis
1365 645 1463 682 inter
1506 641 1661 692 papillas

253 712 478 749 numerosis.

237 788 403 821 Conserva
429 789 617 822 seticulosa
643 787 766 822 Forslc.
793 788 814 822 l.
841 798 870 822 c.
897 788 963 821 fide
990 787 1024 822 C.
1052 788 1109 831 Ay.
1137 788 1314 830 (sterilis).

235 846 426 879 Laurencia
454 848 642 881 setieulosa
669 845 791 887 Grev.;
815 846 917 880 Kritz.
943 856 993 891 sp.
1014 857 1049 891 p.
1078 848 1160 881 857!

237 905 407 938 Chondria
433 906 621 938 seticulosa
648 905 704 949 Ay.
731 915 781 949 sp.
803 916 838 950 p.
865 906 959 940 345st

236 962 348 997 Fucus
375 966 583 1006 caespitosus
610 963 733 998 Forslc.
760 965 781 998 l.
808 976 836 998 c.
859 975 894 1008 p.
924 965 1011 998 494?
1037 965 1126 1003 (sec.
1153 962 1232 1007 Ay.)

234 1021 348 1056 Fucus
375 1023 484 1055 uvifer
509 1021 632 1056 For-sk.
661 1023 681 1056 l.
708 1034 735 1057 c.
759 1033 795 1067 p.
823 1024 905 1057 492!
934 1024 1122 1066 (capsulis)
1149 1022 1216 1055 tide
1241 1021 1354 1064 spec!

252 1105 339 1144 llab.
369 1106 407 1144 in
437 1107 531 1144 mari
564 1106 677 1145 rubro
710 1108 923 1154 (Forskaall
956 1108 1104 1154 Bovel).

235 1193 388 1227 Frondes
415 1203 433 1227 a
460 1194 557 1228 disco
595 1196 735 1229 radicali
774 1197 892 1239 plures
929 1197 1184 1240 erectiuseulae,
1221 1194 1453 1237 semipedales
1490 1195 1526 1226 et
1564 1193 1664 1236 ultra,

144 1254 303 1285 crassitie
329 1252 463 1286 inferne
488 1243 638 1295 pe'nnam
665 1254 899 1288 columbinam
925 1256 1143 1298 superantes,
1171 1254 1300 1286 sensim
1328 1255 1517 1286 attenuatae
1544 1253 1578 1284 et
1603 1261 1665 1284 su-

143 1319 250 1352 perne
292 1313 510 1353 passerinam
547 1322 697 1355 pennam
738 1322 804 1345 non
844 1316 1034 1356 acuentes,
1074 1320 1355 1354 quoquoversum
1388 1312 1423 1343 et
1447 1318 1532 1350 vage
1558 1307 1664 1341 ramis

144 1369 333 1409 gracilibus
369 1372 403 1403 et
442 1372 613 1412 elongatis
649 1373 816 1414 pinnatim
859 1380 1005 1404 ramosae
1043 1373 1078 1403 et
1114 1372 1284 1413 praeterea
1312 1378 1329 1402 a
1357 1368 1433 1401 basi
1460 1368 1502 1400 ad
1529 1369 1665 1409 apicem

143 1428 336 1470 papillosae.
385 1428 480 1462 Rami
507 1430 689 1463 inferiores
715 1431 947 1473 patentissimi
973 1430 1051 1472 plus
1079 1430 1192 1462 minus
1208 1428 1448 1470 decompositi,
1464 1427 1664 1468 superiores

144 1488 254 1526 magis
280 1488 387 1520 erecti
416 1489 712 1530 4—2-pollicares
739 1489 1007 1530 simpliciusculi
1035 1490 1069 1521 at
1094 1488 1268 1529 papillosi.
1322 1485 1461 1528 Papillae
1488 1487 1522 1518 in
1548 1485 1666 1527 planta

143 1545 253 1577 sterili
276 1546 482 1589 sparsiores,
504 1548 617 1588 spatio
633 1548 773 1579 circiter
794 1548 894 1579 liueae
910 1547 1090 1590 distantes,
1108 1545 1418 1588 subliorizontales,
1435 1544 1665 1586 cylindraceae

144 1605 204 1635 aut
240 1605 376 1644 apicem
413 1613 535 1637 versus
571 1606 628 1638 vix
665 1608 864 1649 attenuatae,
905 1607 1005 1648 apice
1042 1608 1117 1647 ipso
1157 1604 1320 1646 inaequali
1348 1605 1406 1636 aut
1431 1604 1665 1635 minutissime

142 1663 380 1706 verruculos0,
405 1664 532 1696 lineam
559 1665 698 1697 circiter
724 1666 855 1707 longae,
881 1665 1137 1707 spbaerosporis
1163 1665 1298 1696 onustae
1325 1665 1406 1695 sunt
1422 1662 1665 1705 dispositione,

143 1729 286 1754 numero
315 1724 349 1754 et
374 1722 613 1762 magnitudine
639 1723 815 1756 sterilibus
842 1723 1051 1766 conformes,
1079 1724 1114 1755 at
1138 1721 1225 1755 infra
1251 1722 1387 1762 apicem
1413 1720 1605 1753 crassiores
1632 1723 1668 1753 et

143 1782 254 1821 magis
292 1781 537 1824 verruculosae,
576 1782 760 1823 aliquando
799 1783 963 1815 strictura
1001 1782 1066 1814 lcvi
1105 1782 1202 1823 quasi
1239 1781 1272 1812 in
1300 1779 1491 1822 capitulum
1518 1778 1665 1811 fertilem

143 1838 424 1880 pedicellumque
451 1838 608 1871 sterilem
635 1840 768 1873 divisse.
817 1840 977 1881 Capsulis
1004 1841 1129 1872 onusta
1156 1839 1270 1881 planta
1298 1839 1454 1871 habitum
1479 1837 1664 1871 admodum

144 1897 319 1930 diversum
353 1898 482 1931 induit:
516 1899 656 1940 papillis
689 1898 865 1941 destituta,
900 1907 1018 1932 earum
1044 1898 1120 1931 loco
1148 1897 1299 1930 ramulos
1326 1898 1415 1937 gerit
1440 1895 1529 1928 2-3
1555 1896 1665 1927 lineas

144 1955 277 1998 longos,
310 1955 441 1988 ambitu
474 1956 687 1989 lanceolatos
723 1960 857 1993 acutos.
890 1957 948 1998 qui
985 1956 1059 1988 basi
1086 1955 1179 1997 nudi,
1207 1954 1320 1987 medio
1347 1953 1485 1995 papillis
1512 1953 1665 1995 undique

144 2015 272 2055 vestiti,
311 2015 410 2055 apice
446 2014 528 2046 nudi
568 2016 626 2046 aut
662 2014 800 2056 papillis
827 2014 1043 2046 brevissimis
1072 2015 1131 2046 aut
1155 2014 1259 2045 immo
1285 2011 1432 2053 spinulis
1458 2011 1665 2043 brevissime

145 2073 277 2104 conicis
310 2073 433 2115 obsiti3
466 2074 605 2115 papillae
631 2073 755 2107 borum
783 2072 1116 2114 erecto-adpressae,
1142 2070 1324 2103 inferiores
1350 2070 1539 2114 longiores,
1566 2071 1665 2111 apice

144 2131 336 2172 inaequales
371 2131 642 2173 subspinulosae.
699 2132 791 2164 inter
826 2132 888 2164 has
920 2131 1068 2174 papillas
1102 2129 1293 2162 keramidia
1326 2128 1518 2161 obveniunt
1543 2129 1666 2160 ovato-

144 2188 331 2231 spbaerica3
358 2190 542 2230 gemmidia
568 2191 637 2222 vidi
664 2191 813 2230 generis.
840 2190 964 2222 Nostra
993 2189 1184 2230 specimina
1201 2188 1439 2230 (decolorata)
1456 2187 1664 2220 virescentia

145 2250 203 2280 aut
227 2249 461 2281 flavescentia.
513 2249 715 2282 Substantia
740 2248 1049 2288 subcartilaginea.

237 2305 318 2338 Haec
344 2308 482 2347 species
507 2306 623 2340 forsan
650 2308 787 2347 generis
814 2306 1089 2348 distinctissime,
1115 2305 1235 2338 habitu
1262 2304 1334 2337 fere
1360 2303 1512 2347 Hypneae
1533 2305 1665 2337 musci—

145 2365 275 2404 formis,
315 2364 414 2406 cujus
451 2366 590 2397 nomine
628 2366 719 2397 inter
756 2365 892 2407 plantas
929 2364 1107 2396 Boveanas
1141 2364 1344 2405 inscriptam
1373 2370 1510 2405 quoque
1537 2363 1666 2395 inveni.

145 2423 237 2455 inter
268 2421 301 2454 L.
334 2423 541 2465 papillosam
567 2425 602 2455 et
626 2423 660 2456 L.
686 2422 904 2464 botryoidem
930 2421 1136 2454 intermedia
1164 2421 1246 2454 mihi
1273 2421 1419 2463 videtur,
1450 2420 1557 2453 multo
1584 2429 1665 2461 gra-

146 2482 247 2514 cilior
273 2489 376 2523 quam
402 2481 472 2522 illa,
500 2481 709 2522 papillisque
749 2480 919 2520 elongatis
958 2480 992 2512 in
1029 2481 1120 2511 statu
1157 2479 1265 2512 sterili
1303 2477 1566 2511 distentioribus
1597 2481 1664 2511 etc.

146 2539 399 2581 dignoscenda,
424 2540 458 2571 iu
484 2540 576 2571 statu
602 2538 812 2580 capsulifero
840 2538 1062 2580 regularitate
1090 2538 1302 2570 ramulorum
1318 2537 1561 2569 alternantium
1576 2535 1664 2570 hanc

145 2599 216 2631 iere
242 2600 370 2640 aequat.

237 2655 432 2698 Synonyma
458 2654 707 2688 Forskaaleana
733 2664 837 2696 supra
864 2656 969 2687 citata
995 2655 1037 2687 ad
1060 2663 1161 2687 unam
1188 2654 1402 2695 eandemque
1417 2652 1568 2694 plantam
1584 2662 1663 2684 esse

146 2714 324 2746 reserenda
347 2716 382 2746 et
406 2716 559 2746 nostram
586 2714 739 2754 speciem
766 2715 936 2755 spectare,
963 2714 1168 2745 auctoritate
1195 2713 1230 2744 C.
1256 2710 1389 2752 Agardh
1416 2711 1663 2743 assumendum

145 2774 240 2812 puto.
267 2771 565 2814 Speciniiiia‚quae
577 2771 760 2812 descripsi,
775 2779 816 2802 ex
832 2769 996 2802 Hei-bario
1013 2770 1253 2803 Forskaaliuno
1270 2769 1494 2812 proveniunt3
1510 2769 1664 2810 capsuli-

147 2829 255 2861 serum
273 2839 351 2862 cum
369 2831 561 2872 specimine
576 2831 609 2862 in
624 2829 685 2861 Hb.
702 2828 944 2871 Hornemanni,
962 2837 1062 2860 manu
1080 2830 1189 2870 ipsius
1205 2827 1390 2861 Forskaalii
1409 2826 1539 2860 ''Fucus
1554 2836 1662 2859 novus

148 2885 274 2919 uviser‘’
302 2889 483 2931 inscripto,
510 2888 724 2929 comparavit
750 2885 861 2919 Pater.
909 2886 1056 2929 Sterilia‚
1082 2885 1235 2919 habitua
1253 2885 1441 2918 fructiferis
1468 2885 1662 2927 dissimilia,
