1728 3110
32 123 340 177 Chondriopse's.
640 123 667 162 P.
676 137 922 166 uonoMELEAE.
1456 131 1478 169 8
1488 130 1512 170 Ο
1522 131 1544 171 5

25 251 245 284 cellularum
272 253 504 286 corticalium
534 253 599 286 Ch.
626 258 909 299 atropurpurea·
935 261 1193 304 propinquior.
1223 262 1391 295 RamuliS
1418 263 1548 295 fructi-

24 310 111 342 feris
149 310 382 352 corymbosis
416 312 618 352 fructifera,
645 315 833 357 ramisque
862 318 1043 358 oppositis
1063 317 1240 359 juvenilis
1268 330 1344 353 non
1370 330 1467 363 aegre
1493 320 1548 354 di-

24 371 234 412 gnoscatur.
283 370 492 412 Specimina
531 371 684 403 ramulis
712 374 961 414 sparsior-ibus
989 376 1152 418 przedita,
1178 380 1366 422 ramisque
1394 379 1548 412 fascicu-

23 426 107 459 latis
150 426 422 468 subdistractis,
460 428 647 461 difficilius
685 428 908 469 charactere=
946 443 1019 465 non
1062 434 1209 468 difficile
1240 435 1371 470 habitu
1397 437 1547 480 dignos-

23 490 164 518 cantur.

114 543 147 574 A
180 543 328 586 Harvey
355 545 518 587 primum
547 556 614 588 pro
642 546 676 579 L.
705 545 792 579 laxa
809 546 986 580 habitaet
1002 550 1070 581 sul)
1086 549 1154 582 hoc
1169 553 1318 584 nomine
1334 553 1546 586 distributa.

21 599 212 643 Kiitzingii
250 601 288 634 L.
326 601 448 634 laxam
489 604 612 646 potius
652 607 871 646 prasentem
911 609 1088 648 spectare,
1122 611 1339 651 synonymis
1365 611 1410 643 ad
1436 611 1547 643 aliam

23 658 182 701 speciem
220 660 507 701 pertinentibus,
553 671 620 694 suo
658 661 741 694 loco
783 662 868 701 (cfr.
906 673 988 706 pag.
1027 664 1111 703 770>
1150 666 1320 700 indicavi.
1370 669 1546 711 Speciem,

22 726 132 759 quam
161 717 229 749 sub
258 718 369 750 tertio
399 718 510 751 titulo
538 719 744 762 descripsit,
782 720 826 752 ad
855 721 1009 753 eandem
1037 724 1197 765 speciem
1224 726 1412 766 pertinere
1440 737 1458 758 e
1484 726 1546 758 de-

22 775 223 817 scriptione
250 778 394 808 tantum
423 776 593 818 conjicio.
643 778 729 810 Icon
757 788 777 810 a
810 778 959 821 Harvey
986 780 1071 813 data
1097 780 1208 814 habet
1234 783 1401 816 ramulos
1428 786 1546 826 magis

21 833 246 876 regulariter
283 835 476 877 oppositos
515 839 550 867 et
577 837 774 875 acutiores,
815 848 925 880 qua-m
955 839 1105 871 eosdem
1132 839 1219 872 vidi.
1268 840 1406 873 Nostra
1431 843 1546 884 speci-

21 892 119 925 mina
144 894 291 925 tantum
318 892 660 937 sphaerosporifera.

21 1031 56 1070 5.
90 1030 164 1068 CH.
211 1044 371 1070 RlPARlA
417 1033 556 1079 (Harv.
602 1038 726 1083 mser.)
767 1034 921 1072 frondis
955 1035 1120 1074 minutae
1151 1040 1456 1088 atropurpureae
1488 1039 1546 1076 in-

130 1097 524 1151 tricato-caespitosaev
579 1100 1055 1152 decomposita-ramosae
1107 1102 1229 1140 ramis
1274 1104 1547 1155 suboppositis

129 1164 429 1204 fasciculatisve
474 1179 647 1218 superne
694 1172 881 1219 patenter
924 1167 1103 1219 virgatiS,
1152 1169 1318 1206 ramulis
1351 1172 1547 1222 oppositis

127 1232 592 1282 oylindraeeo-clavatis,
625 1234 821 1272 fructibus
856 1265 861 1271 .
898 1265 905 1272 .
942 1266 947 1272 .
983 1234 1141 1273 cellulis
1173 1236 1432 1275 corticalibus
1457 1251 1546 1289 gra-

127 1298 413 1338 nuliformibus
444 1301 736 1338 concatenatis.

111 1376 300 1410 Chondria
328 1379 462 1421 riparia
491 1376 610 1411 Harv.
638 1378 677 1411 in
703 1377 873 1412 Friemzl.
900 1378 966 1412 Isl.
995 1378 1075 1422 Azy.
1103 1389 1160 1412 wo
1187 1381 1246 1413 16!

128 1447 230 1486 Hab.
262 1447 301 1485 in
337 1448 502 1487 Oceano
534 1449 681 1500 pacilio
714 1450 762 1487 ad
795 1449 989 1500 Friendly
1022 1450 1190 1488 Islands.
1224 1450 1454 1502 (Harvey!).

109 1527 337 1560 Catenellam
379 1527 567 1560 crescendi
603 1527 724 1567 modo,
753 1527 890 1561 Gelidii
920 1530 1045 1561 cornei
1076 1529 1215 1562 formas
1242 1530 1407 1562 minores
1433 1530 1544 1561 rami-

18 1585 185 1618 ficatione
212 1585 337 1619 colore
364 1588 400 1617 et
426 1585 605 1629 adspectu
634 1587 811 1619 referens.
838 1587 1020 1620 Inferiore
1051 1590 1155 1630 parte
1182 1588 1219 1620 in
1248 1588 1434 1630 caespitem
1449 1588 1547 1619 inter

18 1643 107 1677 alias
146 1643 248 1687 algas
286 1643 417 1677 limitis
456 1645 639 1684 intricata,
679 1648 839 1688 surgunt
878 1645 1029 1679 frondes
1070 1644 1158 1677 1-2
1196 1645 1404 1688 pollicares,
1431 1648 1545 1678 setam

18 1702 182 1734 crassitie
209 1705 439 1745 superantes,
464 1703 610 1735 inferne
642 1703 886 1742 nudiusculae,
913 1714 1075 1747 superne
1102 1705 1272 1746 opposite
1299 1705 1460 1746 pinnatae
1486 1713 1544 1735 ra-

17 1760 127 1792 mulis
168 1759 260 1792 1-2
288 1760 405 1793 lineas
432 1760 556 1803 longis
583 1761 997 1803 cylindraceo-clavatis
1026 1763 1208 1794 truncatis
1234 1764 1298 1794 aut
1325 1761 1545 1794 rotundato-

18 1818 171 1856 obtusis,
209 1819 470 1861 superioribus
497 1819 742 1862 simplicibus,
774 1820 1018 1852 inferioribus
1044 1829 1141 1852 nova
1168 1820 1261 1851 serie
1286 1819 1480 1851 instructis
1505 1821 1540 1850 et

17 1876 150 1908 sensim
192 1876 426 1919 prolongatis
463 1877 500 1908 in
540 1886 663 1909 ramos
700 1876 928 1909 abeuntibus
967 1877 1133 1910 crassitie
1171 1875 1343 1919 aequales.
1393 1874 1546 1908 Cellulae

17 1935 264 1977 superficiales
305 1937 392 1968 sunt
431 1938 466 1967 et
504 1936 540 1967 in
579 1935 736 1968 ramulis
771 1939 807 1968 ct
833 1936 871 1968 in
898 1936 1010 1968 ramis
1038 1936 1298 1974 concatenatae,
1325 1935 1362 1966 at
1389 1933 1545 1976 singulae

14 1990 147 2025 breves
176 1995 211 2025 et
238 2003 306 2026 suo
332 1993 517 2026 diametro
546 1993 708 2037 aequales
736 1996 799 2025 aut
826 2004 958 2036 parum
986 1993 1190 2035 longiores.

104 2051 398 2084 Ramificationis
436 2061 567 2084 norma
604 2050 670 2084 Ch.
698 2050 930 2094 dasyphylla?
965 2051 1147 2094 proxima,
1174 2052 1211 2082 at
1237 2050 1316 2081 sine
1343 2048 1458 2080 dubio
1485 2046 1540 2078 di-

15 2117 120 2140 versa
146 2110 295 2152 species,
323 2112 358 2141 et
385 2109 562 2153 adspectu
591 2113 626 2141 et
653 2112 845 2141 structura
860 2108 1081 2141 cellularum
1101 2107 1342 2151 epidermidis
1357 2106 1542 2138 distincta.

16 2164 147 2199 Colore
174 2166 212 2200 C.
241 2168 558 2201 coerulescentem
585 2171 647 2200 aut
674 2167 738 2201 Ch.
768 2170 1082 2210 atropurpuream
1110 2166 1233 2205 refert,
1249 2165 1294 2198 ab
1317 2167 1475 2206 utraque
1492 2164 1543 2193 ta-

15 2233 98 2256 men
136 2228 235 2258 certe
273 2226 406 2259 aliena.
468 2227 534 2258 Est
572 2226 741 2270 quaedam
780 2225 973 2258 tendentia
1011 2223 1244 2257 ramulorum
1283 2222 1542 2265 oppositorum

15 2291 143 2315 versus
179 2283 278 2316 idem
316 2283 423 2324 latus,
460 2285 524 2316 vix
563 2286 686 2316 tamen
713 2284 766 2316 ita
793 2286 834 2316 ut
861 2282 1027 2315 ramulos
1054 2281 1276 2314 secundatos
1302 2280 1424 2312 dicere
1457 2278 1542 2309 lice-

15 2342 91 2382 l'et3
130 2341 256 2383 potius
293 2342 331 2374 in
370 2351 474 2374 ramo
512 2341 761 2374 decumbente
800 2340 987 2373 ramulum
1023 2342 1227 2382 utrumque
1254 2336 1540 2370 adscendentem

16 2396 217 2430 crederem,
264 2399 340 2432 Hac
379 2401 468 2432 nota
494 2398 561 2431 Ch.
587 2398 799 2431 secundatae
826 2401 962 2430 nostra?
991 2397 1118 2429 forsan
1142 2395 1269 2433 affinis,
1296 2394 1399 2426 velut
1426 2391 1540 2424 cellu-

15 2453 134 2488 larum
161 2457 394 2491 corticalium
423 2460 612 2490 structura
639 2459 763 2490 minus
789 2457 927 2498 alienas,
956 2458 992 2488 at
1019 2454 1082 2488 Ch.
1111 2453 1311 2487 secundat-a
1336 2453 1433 2484 inter
1462 2459 1542 2492 spe-

15 2514 87 2548 cies
114 2515 271 2559 majores
299 2518 458 2560 generis,
486 2516 551 2550 Ch.
578 2517 717 2561 riparia
744 2517 910 2549 omnium
938 2516 1013 2547 fere
1042 2514 1204 2546 minima.

15 2652 50 2691 6.
85 2653 159 2692 CH.
195 2667 435 2693 SECUNDATA
465 2655 516 2704 (J.
548 2654 622 2702 Ay.
652 2658 782 2703 mser.)
815 2651 969 2691 frondis
995 2643 1453 2699 compressaepinnatim
1473 2644 1540 2681 de-

125 2720 363 2773 compositae
412 2721 535 2759 ramis
581 2721 694 2772 vagis
741 2718 941 2770 elongatis
988 2712 1314 2754 subsecundatim
1361 2709 1541 2760 virgatis.

121 2787 288 2825 ramulis
320 2787 473 2825 ultimis
505 2786 794 2837 suboppositis‚
825 2781 1092 2822 adultioribus
1124 2775 1327 2816 distractis
1365 2775 1541 2812 clavato-

124 2854 326 2906 oblongis‚
373 2852 746 2905 sphaerosporiferis
778 2847 979 2890 subternis
1011 2849 1079 2883 aut
1108 2842 1307 2895 pinnatim
1340 2840 1542 2939 composi-

104 2918 164 2952 IV.
1426 2928 1431 2930 “
