1728 3110
126 118 175 159 12
186 117 242 158 02
740 114 1022 156 RnononfflAEAE.
1464 116 1631 171 Dasya.

116 247 317 280 chromatis
344 258 389 279 ex
417 246 572 289 siphone
599 245 755 278 centrali
782 245 1022 278 translucent.
1071 246 1177 279 Rami
1215 256 1517 290 quoquoversum
1546 256 1630 277 exe-

119 307 234 345 untes,
261 305 527 349 semipollicem
555 306 703 337 circiter
729 304 920 341 distantes,
947 303 1149 346 interjectis
1186 316 1315 348 nempe
1354 305 1517 337 articulis
1543 306 1591 337 5-
1613 304 1631 335 7

116 366 181 396 aut
206 364 408 408 aliquando
435 364 618 408 pluribUS,
656 363 739 407 plus
774 365 896 396 minus
930 363 1183 407 decompositi,
1210 363 1334 396 ultimi
1362 363 1503 397 ordinis
1530 363 1632 396 deni-

116 434 186 467 que
214 423 432 469 densissimi&
461 421 749 462 subdichotomi,
775 423 811 454 in
839 422 1057 455 fasciculum
1093 422 1322 455 ramulorum
1349 423 1481 455 sensim
1509 422 1633 461 soluti,

116 482 194 514 basi
222 482 390 514 corticati
416 480 654 521 inartimssati,
684 483 748 513 aut
781 481 966 514 articulati
1002 481 1263 524 polysiphonii,
1288 492 1444 525 superne
1472 481 1634 514 111011051-

117 541 260 584 phonei,
298 540 463 573 ramellis
489 543 553 573 aut·
591 540 845 583 rigidiusculis
884 541 1130 573 crassioribus
1168 542 1284 583 magis
1322 541 1543 584 patentib11S‚
1569 543 1633 573 aut

117 599 353 634 mollioribus
394 600 510 641 magis
551 599 782 643 penicillatis,
819 600 955 632 sensim
994 601 1205 632 attenuatis·
1253 599 1414 633 Articuli
1441 599 1633 631 inferiores

117 659 295 697 corticati,
322 659 358 689 in
386 658 545 690 diversis
571 658 700 690 formis
728 658 910 691 diametro
937 648 1098 702 0011113105
1124 662 1188 691 aut
1215 668 1332 701 usque
1371 657 1485 701 duplo
1512 657 1632 690 brevi-

117 726 210 755 ores,
238 717 449 760 superiores
476 716 729 760 polysiphonii
757 717 936 749 diametro
969 716 1138 760 aequales,
1175 728 1272 749 nunc
1310 716 1418 759 paulo
1444 716 1633 758 longiores

116 777 178 807 aut
204 774 414 818 breviores,
442 775 685 808 ramellorum
711 775 893 807 diametro
921 775 1181 818 sesqui-duplo
1208 775 1408 817 longiores.
1457 773 1635 806 Stichidia

121 833 155 866 in
186 833 339 866 ramulis
367 834 634 877 provenientia,
659 834 767 865 initio
796 833 979 875 pauciora,
1005 833 1155 865 demum
1181 842 1380 865 numerosa
1405 832 1634 874 corymbosa,

117 893 211 925 infra
239 896 361 925 ortum
390 892 641 931 ranielloruni⁷
670 894 706 924 111
735 895 838 935 parte
868 892 1003 924 ramuli
1030 892 1299 936 polysiphonia,
1326 893 1502 924 interiore
1517 892 1634 924 latere

116 951 274 991 evoluta,
302 952 541 984 circumcirca
567 951 731 984 ramellis
759 952 887 991 cincta,
913 951 1095 995 pedicello
1121 951 1283 984 breviori
1309 951 1548 994 autlongiori
1571 961 1634 994 po-

114 1009 330 1054 lysiphonio
370 1010 531 1048 suffulta,
577 1009 900 1042 ovato-lancoidea
937 1010 1155 1050 acuminata,
1194 1009 1503 1053 subquadruplici
1541 1010 1634 1041 serie

115 1068 393 1111 sphaerosporas
435 1069 692 1101 monstrantia.
747 1067 963 1101 Keramidia
1000 1079 1143 1111 inagna,
1184 1068 1365 1101 diametro
1403 1068 1634 1100 semilineam

116 1130 324 1171 superante,
352 1126 581 1170 subglobosa
607 1128 775 1160 acumine
805 1127 1028 1160 brevissimo
1066 1130 1202 1171 aperta,
1228 1127 1373 1159 ramulo
1400 1126 1502 1159 brevi
1529 1126 1634 1170 poly-

116 1186 288 1230 siphonio
315 1184 465 1219 suffulta
492 1185 644 1230 ejusque
672 1186 836 1218 ramcllis
864 1185 1294 1225 involucrata,nucleum
1309 1185 1505 1228 globosum
1533 1195 1633 1227 gem-

115 1245 316 1277 midiorum
345 1245 518 1277 foventia.
568 1245 737 1278 800110111-ι
772 1245 1011 1278 transversali
1038 1245 1114 1277 virli
1156 1244 1329 1288 siphones
1367 1243 1634 1287 pericentrales

114 1305 145 1344 8,
172 1306 287 1337 strato
314 1304 480 1336 corticali
508 1303 591 1347 plus
619 1305 741 1336 minus
768 1304 883 1337 denso
912 1304 1104 1337 obductos.
1155 1303 1267 1337 Color
1293 1304 1495 1336 coccineus.

207 1363 306 1395 Licet
332 1363 482 1405 species,
509 1372 529 1394 a
554 1363 701 1405 Harvey
728 1362 892 1406 depictae,
919 1366 974 1395 sat
1000 1363 1182 1395 distinctae
1209 1362 1421 1406 adpareant,
1436 1371 1568 1394 vereor
1589 1371 1633 1393 ne

116 1421 348 1453 intermediis
374 1421 504 1453 formis
532 1422 684 1454 omnino
711 1422 910 1454 confluant.
960 1423 1014 1455 Me
1035 1422 1172 1463 judice,
1199 1423 1409 1454 monstrant
1435 1422 1553 1453 status
1580 1421 1634 1453 di-

116 1488 243 1511 versos
270 1478 431 1521 ejusdem
463 1481 608 1523 speciei.
638 1481 761 1522 Dasya
788 1481 984 1514 Gunniana
1011 1483 1066 1512 est
1093 1480 1217 1523 planta
1242 1480 1459 1523 elegantior,
1485 1479 1634 1522 longius

116 1537 335 1580 penicillatu,
374 1538 593 1581 elongatior,
630 1540 789 1582 ideoque
830 1549 987 1582 superne
1024 1539 1145 1571 111111115
1183 1539 1370 1579 corticata,
1395 1537 1635 1581 articulisque

116 1597 227 1640 paulo
253 1597 487 1640 longioribus
514 1597 678 1641 praedita.
708 1599 852 1636 Forma,
879 1608 988 1640 quam
1017 1597 1279 1629 intermediam
1307 1596 1553 1635 denominavi,
1579 1599 1635 1628 est

114 1654 265 1688 brevior
292 1658 327 1687 et
353 1655 550 1695 robustior,
588 1656 772 1699 penicillis
810 1656 884 1688 sere
913 1657 954 1689 D.
983 1656 1197 1695 Gunnianee,
1236 1654 1509 1687 characteribus
1546 1655 1634 1687 arti-

115 1713 282 1746 culorum
311 1713 469 1746 diversa.
520 1715 563 1748 D.
590 1715 863 1755 Lawrenciana,
884 1714 1202 1758 qualisaHarvey
1229 1714 1445 1758 depingitur
1460 1716 1495 1746 et
1510 1713 1633 1758 quoad

115 1773 317 1815 specimina
343 1784 363 1805 a¹
389 1773 612 1806 Tasmannia
638 1773 849 1813 distributa,
877 1776 929 1806 est
959 1773 1083 1816 planta
1110 1774 1232 1805 forsan
1263 1773 1412 1805 secundi
1440 1773 1535 1812 anni,
1557 1774 1635 1805 tota

115 1831 292 1863 corticata
317 1831 545 1875 ramulisque
574 1833 794 1865 acuminatis
822 1842 865 1864 cx
893 1833 993 1875 apice
1020 1831 1326 1875 prolificantibus,
1346 1831 1527 1863 fasciculis
1543 1841 1634 1864 non-

115 1889 203 1920 dum
231 1890 382 1922 omnino
409 1890 578 1923 evolutis.
631 1890 767 1923 Habitu
794 1889 1054 1934 penicillorum
1097 1890 1275 1932 deceptus
1313 1890 1470 1931 Harvey,
1497 1899 1554 1920 me
1574 1888 1633 1930 ju-

115 1946 204 1986 dice,
245 1947 382 1980 formas
420 1948 586 1981 diversas
624 1959 697 1981 non
730 1950 800 1981 rite
843 1948 1026 1981 distinxit.
1077 1949 1294 1991 Specimina,
1334 1958 1413 1992 quae
1451 1948 1495 1980 D.
1533 1946 1633 1980 Gun-

115 2005 231 2036 nianae
271 2006 420 2038 nomine
460 2006 639 2049 inscripta
677 2006 880 2046 distribuit,
918 2006 1081 2049 plurima
1120 2006 1270 2050 quidem
1298 2005 1342 2038 ad
1370 2006 1526 2037 sormam
1566 2014 1633 2037 no-

115 2065 229 2095 stram
257 2075 288 2095 11.
314 2064 514 2105 pertinent.
564 2065 721 2097 Unicum
749 2067 869 2097 autem
898 2075 918 2096 a
943 2064 1154 2097 Fremantle
1182 2064 1303 2108 quoad
1331 2063 1499 2096 habitum
1520 2062 1633 2095 robu-

115 2124 212 2154 stum
240 2124 275 2153 et
300 2121 479 2155 articulos
505 2123 634 2155 breves
661 2123 703 2155 ad
736 2123 919 2167 specimen
947 2123 988 2156 D.
1015 2124 1285 2156 Lavvrencianae
1313 2122 1462 2155 nomine
1477 2121 1633 2164 inscrip-

116 2184 204 2220 tum,
231 2190 275 2211 ex
303 2180 392 2212 Port
418 2181 528 2222 Fairy
566 2181 742 2214 Victoriae
770 2181 936 2222 allatum,
975 2182 1127 2214 accedit.
1178 2182 1235 2214 Ad
1262 2182 1306 2215 D.
1331 2180 1631 2214 Lawrencianam

117 2248 202 2271 vero
229 2238 357 2270 retulit
384 2238 543 2282 plurima
582 2239 764 2282 penicillis
802 2239 1039 2283 brevioribus
1065 2242 1259 2273 instructa.
1310 2240 1486 2282 Typicam
1513 2239 1632 2271 consi-

115 2297 241 2329 deravi
270 2308 359 2336 eam,
378 2286 487 2341 (1113111
516 2297 687 2341 depinxit
714 2300 748 2330 et
764 2308 784 2330 a
799 2299 944 2342 George
961 2300 1076 2332 Town
1093 2300 1324 2332 Tasmanniac
1341 2297 1545 2331 distribuit.
1571 2296 1631 2329 Ab

115 2355 182 2388 hac
207 2365 296 2388 vero
323 2356 445 2388 differt
471 2358 550 2388 tum
584 2358 769 2400 specimen
795 2367 815 2388 a
839 2357 1059 2397 Freiriantle,
1085 2358 1185 2401 quod
1212 2357 1256 2390 ad
1285 2358 1632 2390 formaminterme-

115 2413 212 2445 diam
240 2413 362 2449 retuli,
389 2417 468 2446 tum
495 2425 515 2446 a
541 2413 674 2447 Cnrdie
711 2414 806 2446 lecta
842 2414 979 2457 planta,
1023 2427 1131 2459 quan]
1161 2427 1206 2448 ex
1231 2415 1396 2448 articulis
1422 2415 1465 2448 D.
1492 2414 1631 2448 011111111-

114 2482 221 2504 anam
250 2472 402 2504 senilem
431 2476 466 2504 et
493 2472 674 2505 stichidiis
708 2472 878 2516 plurimis
918 2477 1102 2510 onustam,
1140 2474 1397 2518 penicillisque
1429 2473 1631 2516 deperditis

115 2530 341 2563 denudatam
369 2531 564 2564 considero
580 2530 629 2572 ³⁸).

114 2636 179 2675 23.
211 2636 258 2674 D.
291 2648 420 2674 PLANA
450 2636 541 2685 (Ay.
570 2637 755 2685 Reqewsb.
786 2637 870 2674 Bot.
918 2636 1011 2673 Zeszft.
1056 2635 1159 2674 1827
1182 2648 1223 2683 22-
1254 2634 1350 2679 645)
1381 2634 1525 2673 fronde
1555 2633 1628 2672 mi-

224 2703 312 2742 nori
358 2703 734 2755 plano-compressa
778 2715 904 2753 usque
947 2702 997 2740 ad
1042 2703 1178 2754 apices
1220 2701 1425 2747 corticata,
1470 2700 1629 2738 cellulis

208 2826 244 2868 *)
271 2828 336 2861 His
357 2827 433 2870 jam
460 2829 607 2871 scriptis
634 2828 708 2861 vidi
739 2828 950 2870 Harveyum
975 2826 1096 2869 ipsum
1124 2827 1182 2865 (in
1208 2826 1261 2860 Fl.
1289 2826 1428 2869 Tasm.)
1455 2825 1627 2858 dubitare

116 2895 160 2918 an
186 2886 229 2918 D.
254 2887 516 2920 Lawrenciana
540 2897 561 2919 a
586 2887 628 2919 D.
656 2886 852 2920 Gunniana
877 2885 1023 2917 diversa
1050 2888 1155 2916 esset.
