1728 3110
47 149 229 194 Delisea.
693 144 922 185 CHONDRIEAE.
1463 142 1488 181 ’7
1497 141 1550 181 81

46 283 104 320 fila
145 281 219 317 ima
262 278 338 315 basi
382 276 646 325 ramosissima,
691 287 779 312 mox
823 276 1005 324 simplicia
1050 275 1198 324 clavata,
1237 274 1396 313 invicem
1428 274 1556 323 libera⁷

46 349 214 388 sustinet.
273 344 481 383 Gemmidia
512 344 548 381 in
580 343 738 380 articulo
770 343 954 380 terminali
986 344 1135 380 filorum
1151 342 1377 380 clavatorum
1397 342 1557 389 evoluta,

47 425 264 464 permagna,
296 411 638 459 clavato-obovata‚
674 410 873 458 superficie
903 400 1185 457 subgranulosa,
1215 410 1367 446 demum
1399 421 1419 445 e
1451 408 1556 457 peri-

46 482 216 520 dermate
239 480 387 527 hyalino
416 480 651 527 erumpentia
680 477 796 524 magis
828 475 1036 513 rotundata.
1095 479 1133 512 ln
1166 475 1383 524 pericarpiis
1415 485 1556 510 mono-

47 547 274 586 stromaticis
311 547 538 595 (praecipue)
570 548 768 593 apparatus
800 544 947 580 filorum
979 542 1095 591 adest,
1126 543 1231 589 cujus
1261 542 1554 589 descriptionem

49 617 141 653 infra
186 619 223 653 D.
267 614 477 661 elegantem
523 613 658 649 videaS.
703 632 757 638 --
799 612 1072 658 Sphaerosporae
1119 610 1154 645 in
1200 609 1363 646 verrucis
1404 608 1555 644 ‹lemnm

49 681 385 719 nematliecioideis
415 680 585 729 evolutae,
616 680 651 716 in
684 678 883 727 superficie
921 677 1066 715 frondis
1098 677 1305 725 verticaleS,
1335 676 1557 712 densissime

49 749 251 798 dispositae,
289 749 462 795 juniores
507 749 653 784 clavatae
699 748 979 794 paranematun]
1022 744 1065 780 ad
1110 744 1225 780 instar
1255 743 1457 780 adultiores
1487 743 1557 778 sti-

49 818 198 863 pantes3
237 817 289 852 llae
328 816 420 852 intra
459 813 711 863 perisporium
744 812 929 859 liyallnum
961 813 1136 848 nucleum
1168 811 1374 857 oblongum
1405 810 1555 845 demum

51 885 213 920 zonatim
242 883 402 920 divisum
433 882 640 920 continent.

161 954 285 989 Genus
316 964 334 987 a
366 949 641 987 Lamourouxio
668 948 744 995 jam
776 959 875 984 anno
912 946 1010 983 4819
1044 945 1442 992 institutum7attamen
1462 943 1560 991 vagis

52 1018 256 1055 admodum
306 1016 582 1054 characteribus
634 1014 848 1062 conditum3
891 1024 912 1049 a
958 1015 1182 1059 Montagneo
1228 1011 1391 1059 primum
1436 1010 1559 1057 quoad

51 1085 283 1122 characteres
320 1088 357 1121 et
395 1084 530 1120 limites
568 1082 637 1119 rite
676 1081 1012 1130 circumscriptum,
1049 1080 1137 1116 dein
1169 1079 1214 1116 ab
1244 1078 1419 1115 omnibns
1450 1088 1561 1114 rece-

51 1155 168 1201 ptum.
225 1156 250 1190 A
279 1151 479 1198 Grevilleo‚
510 1150 572 1197 qui
604 1160 722 1196 genus
752 1161 770 1185 a
803 1147 1077 1185 Lamourouxio
1107 1146 1300 1183 conditum
1334 1146 1414 1181 sine
1446 1144 1560 1182 dnbio

52 1219 249 1267 ignoravit,
288 1218 387 1254 idem
426 1228 543 1263 genus
575 1216 642 1253 sub
672 1227 770 1252 novo
801 1215 956 1252 nomine
987 1215 1129 1251 interea
1162 1213 1396 1261 propositum
1431 1213 1559 1248 fuerat.

52 1285 142 1323 Huic
181 1285 308 1333 generi
348 1283 584 1321 Grevilleano
615 1283 694 1330 ipse
725 1281 872 1329 species
903 1281 1094 1329 quasdam,
1125 1280 1205 1316 aliis
1236 1279 1437 1326 generibus
1469 1278 1560 1314 sub—

47 1353 206 1403 junctas,
238 1351 521 1388 vindicaveram.
581 1352 681 1387 Inter
711 1352 944 1386 recentiores
977 1347 1189 1394 Ki'itzingius
1206 1349 1330 1383 Genus
1348 1346 1559 1393 Montagnei

52 1421 89 1458 in
127 1420 203 1457 dno
242 1419 379 1468 divisit,
415 1418 598 1455 Deliseam
638 1420 674 1452 et
711 1415 980 1459 Chondrodon,
1011 1425 1171 1462 quorum
1204 1415 1273 1450 hoc
1303 1413 1452 1449 defectu
1484 1412 1561 1449 tubi

52 1487 227 1523 centralis
256 1487 301 1523 ab
332 1487 395 1523 illo
426 1486 604 1522 differret.
644 1484 856 1522 Accuratius
887 1492 975 1519 vero
1008 1485 1201 1518 structurae
1233 1492 1389 1517 examen
1416 1480 1559 1515 utrius-

51 1565 125 1602 que
178 1555 327 1601 generis
372 1553 408 1590 in
454 1554 524 1589 lioc
569 1555 741 1599 respectu
788 1550 1073 1596 congruentiam
1127 1549 1321 1584 evidenter
1364 1550 1558 1582 monstrat.

52 1621 237 1669 Rupreclit
269 1621 390 1668 [Sysc.
424 1620 496 1656 der
526 1618 765 1665 Rhodoplzyc.
791 1628 829 1664 p.
862 1616 911 1653 35
943 1621 980 1653 ec
1011 1616 1081 1661 36)
1112 1616 1263 1653 Deliseae
1282 1613 1561 1661 etCalocladiae,

51 1688 110 1725 cui
148 1691 185 1725 D.
224 1688 435 1734 elegantem
476 1689 512 1723 et
548 1688 586 1723 D.
626 1685 747 1722 Suhrii
777 1684 906 1731 refert,
936 1683 1122 1730 quandam
1153 1681 1401 1718 differentiam
1432 1680 1469 1717 in
1499 1681 1561 1717 di-

53 1754 221 1792 rectione
267 1753 586 1801 cystocarpiorum
631 1755 667 1788 et
711 1751 952 1800 carpostomii
996 1749 1146 1797 indicat,
1189 1759 1261 1796 qua
1302 1752 1389 1785 nota
1422 1759 1559 1795 genera

53 1833 182 1859 revera
211 1820 473 1868 distinguenda
503 1823 616 1868 putat.
686 1822 723 1856 lu
756 1819 852 1855 nulla
885 1821 1008 1855 autem
1040 1816 1180 1866 specie,
1211 1826 1323 1864 quam
1355 1814 1559 1860 observavi7

52 1882 280 1936 cystocarpia
309 1888 358 1925 ita
390 1886 513 1924 frondi
543 1886 770 1923 verticaliter
799 1885 971 1933 imposita
1002 1888 1099 1933 sunt,
1129 1887 1169 1920 ut
1198 1883 1315 1920 libera
1332 1886 1435 1918 extra
1453 1882 1559 1917 fron-

51 1955 138 1992 dem
177 1955 430 2004 promineant,
475 1953 539 1990 sed
578 1953 615 1990 in
653 1952 828 1989 omnibus
859 1963 877 1987 a
910 1954 1012 1999 parte
1051 1951 1173 1987 inflata
1215 1949 1359 1986 frondis
1390 1949 1560 1996 formata⁷

53 2026 91 2060 et
130 2022 164 2059 in
210 2025 368 2069 utraque
411 2020 543 2069 pagina
588 2019 812 2068 conspicua,
857 2018 943 2055 li'cct
987 2018 1022 2054 in
1067 2017 1258 2055 nonnullis
1303 2017 1339 2053 in
1383 2018 1595 2073 alterutra⁴

52 2091 169 2137 magis
200 2090 425 2139 prominula.
485 2090 607 2124 Genus
639 2087 791 2125 Deliseae
822 2086 944 2134 itaque
975 2086 1032 2122 vix
1061 2086 1128 2122 hac
1158 2085 1319 2121 ducente
1349 2087 1436 2121 nota
1469 2082 1560 2119 sub-

53 2157 295 2194 dividendnm
335 2160 519 2205 putarem.
588 2155 661 2192 Alia
700 2164 788 2192 vero
828 2154 864 2189 in
901 2156 1084 2190 structura
1117 2152 1336 2199 cystocarpii
1367 2151 1558 2187 diversitas

53 2224 168 2272 adest,
207 2236 278 2271 qua
309 2223 517 2270 subgenera
549 2222 642 2258 infra
675 2224 823 2269 recepta
855 2219 1018 2256 fundavi.
1077 2219 1310 2266 Cystocarpia
1343 2218 1378 2255 in
1411 2221 1447 2254 D.
1478 2218 1558 2253 ele-

55 2290 167 2339 ganti,
210 2294 248 2328 D.
287 2290 467 2326 fimbriata
499 2292 535 2325 et
564 2291 603 2325 D.
636 2288 754 2325 Subrii
786 2286 1004 2324 examinavi.
1062 2286 1345 2334 Sphaerosporas
1375 2294 1557 2331 nusquam

55 2357 153 2394 bene
198 2357 364 2394 evolutas
409 2356 618 2403 observavi3
662 2355 824 2391 zonatim
867 2354 1001 2390 divisas
1046 2354 1081 2389 in
1112 2356 1149 2389 D.
1182 2355 1320 2389 serrata
1353 2360 1556 2396 agnoscere

55 2423 212 2461 credidi.
271 2426 450 2461 Verrucas
481 2423 826 2471 spbaerosporarum
858 2420 895 2458 in
926 2424 964 2458 D.
995 2419 1116 2457 Sulirii
1146 2422 1183 2455 et
1212 2422 1249 2456 D.
1280 2421 1420 2454 serrata
1450 2414 1534 2452 vidi.

59 2545 91 2583 ⁴.
121 2548 374 2583 Crssxocmnm.
433 2543 563 2583 Frons
601 2542 870 2583 teretiuscula
907 2540 1300 2590 ailiam—pectinata,
1332 2538 1426 2579 tubo
1456 2547 1556 2576 cen—

55 2610 153 2651 tralz'
196 2615 314 2651 emtus
358 2611 622 2660 inconspicuo
662 2620 879 2660 percursa.
956 2607 1197 2649 Iseramz'dia
1239 2607 1282 2645 m
1319 2605 1460 2654 pinnis
1505 2602 1559 2642 ad

55 2677 261 2717 rachidem
306 2677 513 2726 lateralia,
555 2678 668 2716 intra
703 2676 987 2726 pericatssz'um
1029 2672 1434 2713 monostromaticum
1473 2680 1556 2709 nu-

57 2743 195 2792 cleum,
224 2742 305 2792 filis
335 2742 678 2794 moniliformz'bus
709 2754 735 2782 ιι
759 2744 955 2793 placenta
985 2741 1040 2780 acl
1067 2738 1386 2788 carposcomz'am
1401 2746 1555 2775 excur—

244 2810 429 2850 rentibus
459 2812 647 2861 cinctum,
676 2810 872 2861 foventia.
930 2808 1242 2858 Sphoerosporoe.
1275 2836 1281 2843 .

62 2888 92 2924 l.
123 2891 160 2926 D.
188 2898 342 2925 ELEGANS
374 2891 458 2937 (Ay.
499 2891 561 2938 Sp.
601 2890 678 2939 Alq.
721 2902 756 2938 p.
807 2890 896 2936 498)
943 2886 1074 2925 fronde
1120 2882 1554 2931 decomposito-pinnata

181 2950 233 2984 ΙΙΙ.
1387 2948 1424 2979 54
