1728 3110
61 149 342 194 Lomentarz'a.
713 141 942 183 CiionnquAE.
1487 143 1546 184 73
1559 144 1577 184 1

154 280 261 313 Frons
300 275 426 321 pusilla
462 273 677 315 bipollicaris
717 272 877 303 crassitie
914 278 1039 312 pennae
1073 269 1284 303 columbinae
1309 272 1345 303 et
1369 271 1480 314 latior,
1508 271 1582 304 basi

64 341 259 386 attenuata,
296 335 436 369 ramulis
468 330 685 364 verticillatis
719 329 844 361 obsita.
897 327 992 360 Rami
1027 328 1223 361 conformes
1254 329 1440 371 pollicares
1478 339 1583 372 parce

64 400 228 433 ramulosi
262 395 452 435 ramulique
487 391 612 423 eximie
640 390 801 430 patentes
828 386 955 419 obtusi.
1005 387 1148 418 Articuli
1176 388 1209 419 in
1237 387 1378 420 ramulis
1404 389 1583 430 praecipue

65 455 257 499 conspicui,
285 456 317 486 in
345 452 456 485 medio
483 451 538 482 vix
565 448 760 489 incrassati,
787 444 1193 487 cylindi·acei‚di3metro
1216 444 1287 477 fere
1302 445 1584 479 semihreviores.

64 515 259 548 Keramidia
287 515 385 544 ovata
412 510 581 544 truncata.
608 506 777 539 diametro
805 503 926 536 ramuli
956 504 989 534 in
1020 511 1086 544 quo
1102 503 1255 535 insident
1269 503 1424 545 multiplo
1441 504 1584 546 minora,

66 576 155 607 intra
186 570 417 615 pericarpium
447 566 651 600 cellulosum
686 563 846 596 nucleum
879 561 1074 603 globosum,
1107 561 1276 602 adparatu
1310 561 1473 595 fibrarum
1501 571 1585 595 ana-

68 631 331 665 stomosantium
358 628 521 668 cinctum,
548 624 716 663 foventia3
743 620 929 661 gemmislia
956 619 1127 652 obconica
1154 619 1195 651 ad
1211 620 1407 661 placentam
1432 621 1584 653 basalem

70 690 216 723 sessilia.
272 687 531 729 Sphaerosporae
559 690 681 714 zonam
709 680 973 720 subregularem
1000 680 1089 710 inter
1114 679 1274 718 genicula
1301 678 1500 722 formantes,
1528 690 1587 712 ro·—

72 747 235 790 tundatae„
271 743 436 784 triangule
463 742 597 783 diviszr,
624 742 658 772 in
689 739 773 772 tubo
807 738 940 770 articuli
970 738 1158 769 introrsum
1185 737 1436 778 prominentes.
1487 738 1587 771 Stru-

72 807 167 837 ctura
194 804 340 844 generis.
391 801 498 833 Frons
524 799 631 831 limbo
657 798 832 840 pellucido
848 797 1008 838 cingitur.
1036 795 1185 828 Colorin
1200 798 1329 829 nostris
1345 797 1587 840 (decoloratis)

72 864 336 896 atrovirescens.
385 860 519 893 Chartae
545 858 710 891 adhaeret.

73 990 106 1027 6.
139 991 170 1027 L.
201 991 430 1025 lx'orscnYANA
463 984 594 1031 [Endl.
635 988 673 1022 et
709 983 816 1021 Dies.
854 980 935 1030 Aly.
976 980 1131 1020 Irotsch.
1163 991 1201 1018 η.
1235 980 1277 1028 6)
1309 981 1444 1018 fronde
1475 983 1588 1031 pani-

180 1056 330 1092 culatim
376 1064 522 1091 ramosa
560 1052 712 1090 ramulis
752 1051 788 1088 in
828 1051 934 1087 caule
972 1048 1155 1098 primario
1186 1048 1362 1085 tubuloso
1394 1050 1590 1087 articulato

181 1122 364 1172 oppositis
402 1120 630 1158 verticillatis
668 1122 730 1155 aut
760 1117 913 1155 alternis
944 1116 1394 1165 afaculam-constrictis,
1425 1118 1591 1155 articulis

180 1190 307 1227 medio
348 1189 482 1227 inflatis
523 1189 700 1236 utrinque
742 1186 922 1224 truncatis
961 1185 1147 1223 diametro
1187 1184 1437 1232 brevioribus,
1473 1187 1590 1223 Kera-

180 1257 305 1294 midiis
337 1257 502 1305 globosis
532 1256 577 1293 ad
609 1267 733 1294 ramos
764 1253 912 1303 sparsis.

165 1333 328 1374 Cliampia
364 1333 584 1375 Kotschyana
623 1331 721 1364 Endl.
745 1332 779 1363 et
803 1328 899 1363 Dies.
926 1328 947 1361 l.
974 1338 1002 1362 c.
1028 1328 1065 1361 in
1089 1326 1195 1360 Molzl.
1222 1329 1255 1361 et
1280 1326 1371 1362 Schl.
1399 1327 1475 1362 Bol.
1503 1329 1590 1365 Zeil.

76 1391 162 1424 4345
185 1402 219 1435 p.
246 1393 323 1424 269.
349 1389 450 1425 Jrutz.
475 1390 531 1434 Sp.
557 1390 630 1433 Alq.
653 1400 687 1433 p.
714 1390 791 1422 862.

185 1462 270 1499 Hab.
303 1462 338 1499 in
370 1462 452 1499 sinu
484 1461 636 1500 Persico
666 1460 711 1497 ad
745 1461 903 1497 insulam
937 1460 1063 1496 Karek.
1095 1459 1179 1506 (Hb,
1211 1458 1413 1507 Diesingl).

167 1539 320 1573 Frondes
359 1538 400 1570 al)
440 1537 606 1578 adparatu
646 1536 788 1568 radicali
826 1535 955 1567 tibroso
994 1536 1250 1579 erectiusculae,
1283 1537 1594 1580 2—3-pollicares,

77 1601 205 1631 teretes
238 1597 491 1639 (exsiccatione
525 1595 758 1635 collabentes)
795 1594 1221 1636 decomposito-ramosae,
1250 1596 1355 1626 ramis
1381 1596 1594 1638 ramulisque

76 1656 151 1688 basi
187 1655 376 1688 attenuatis
414 1654 512 1695 apice
552 1652 698 1694 obtusis,
736 1652 907 1693 oppositis
942 1652 1157 1685 verticillutis
1191 1655 1251 1685 aut
1275 1654 1422 1693 singulis
1450 1657 1594 1696 sparsis.

77 1714 219 1746 Articuli
258 1712 328 1744 sere
364 1711 494 1753 ubique
534 1710 726 1752 evidentes,
759 1709 872 1741 medio
908 1710 1027 1752 inflati,
1054 1710 1096 1741 ad
1122 1711 1283 1750 genicula
1309 1713 1492 1756 contracti,
1519 1714 1596 1746 dia-

78 1774 186 1804 metro
223 1771 488 1804 semibreviores
521 1772 581 1802 aut
610 1770 666 1801 vix
700 1768 853 1810 &equales
887 1768 940 1808 (in
973 1768 1130 1810 partibus
1169 1768 1425 1813 inferioribus).
1487 1771 1596 1804 Kera-

79 1831 183 1863 midia
211 1831 301 1871 (sec.
330 1829 426 1862 Endl.
453 1831 488 1861 et
511 1828 621 1867 Dies.)
650 1829 772 1859 exacte
798 1826 981 1869 sphaerica,
1009 1827 1051 1859 ad
1078 1836 1192 1860 ramos
1218 1829 1442 1871 ramulosque
1462 1838 1596 1871 sparsa.

77 1888 178 1920 Color
202 1897 410 1931 purpureus,
437 1887 648 1920 decoloratae
674 1887 866 1918 virescens.
917 1885 1117 1917 Substantia
1147 1885 1421 1926 subgelatinosa.
1472 1887 1597 1929 Speci-

79 1947 170 1979 mina
197 1955 214 1978 a
240 1945 416 1987 Diesingio
443 1946 696 1979 communicata
725 1944 909 1985 descripsi.
957 1942 1237 1985 Descriptionem
1262 1945 1453 1978 Auctorum
1469 1946 1596 1978 laudat.

78 2006 113 2037 in
143 2005 301 2046 plurimis
335 2012 515 2037 erroneam
542 2011 631 2045 esse,
658 2002 851 2043 specimina
877 2001 1073 2034 madefacta
1100 2002 1280 2035 evidenter
1309 2003 1447 2036 docent.
1496 2003 1598 2036 Stru-

80 2064 212 2094 cturam
237 2062 424 2095 Keramidii
449 2070 515 2094 nec
541 2063 605 2093 rite
632 2062 826 2102 expositam
854 2059 962 2092 fuisse
989 2061 1161 2102 suspicor.
1219 2060 1438 2094 Structuram
1466 2060 1598 2094 frondis

80 2118 307 2153 Lomentariae
332 2120 413 2163 vidi,
439 2123 474 2153 et
498 2120 555 2153 vix
580 2119 700 2153 dubito
727 2119 809 2161 quin
835 2118 937 2160 hujus
963 2120 1101 2160 generis
1128 2120 1173 2152 sit
1198 2120 1335 2161 species
1363 2121 1469 2153 certa.

82 2241 118 2283 7.
148 2247 182 2283 L.
213 2247 420 2283 KALironius
459 2246 594 2291 (Good.
635 2250 672 2284 et
717 2245 875 2283 Woodw.
915 2245 1000 2284 Lin.
1043 2246 1104 2284 Tr.
1144 2245 1210 2284 III.
1247 2257 1285 2294 p.
1323 2246 1424 2293 206)
1464 2247 1598 2285 fronde

192 2312 431 2360 paniculatim
468 2324 613 2351 ramosa
650 2314 802 2351 ramulis
841 2314 876 2350 in
917 2314 1022 2351 caule
1060 2313 1239 2362 primario
1271 2313 1448 2351 tubuloso
1480 2314 1598 2351 obso-

193 2380 266 2416 lete
317 2380 511 2418 articulato
557 2381 740 2430 oppositis
791 2381 1020 2429 vei¹ticillatis
1065 2384 1128 2418 aut
1172 2381 1325 2419 alternis
1376 2382 1599 2418 articulato-

85 2566 138 2598 Sa.
162 2565 196 2598 L.
230 2573 406 2599 FAscmrA
438 2564 612 2610 (Meneqlz.
643 2568 681 2601 in
716 2567 808 2602 Parl.
843 2566 964 2602 Giorn.
999 2567 1076 2602 Boc.
1111 2568 1198 2602 4344
1230 2578 1265 2611 p.
1305 2569 1386 2610 ς296)
1425 2568 1600 2609 pollicaris

178 2625 421 2667 pyramidatim
455 2626 702 2670 ramosissima‚
735 2629 839 2659 ramis
876 2627 1088 2669 ramulisque
1123 2627 1359 2666 irregulariter
1384 2626 1599 2658 verticillatis

179 2682 596 2725 articulato-constrictis
623 2685 776 2717 articulis
804 2685 1018 2727 ellipsoideis
1045 2685 1211 2716 diametro
1239 2683 1343 2724 duplo
1375 2683 1601 2725 longioribus,

180 2740 468 2781 tetrachocarpiis
501 2741 535 2772 in
566 2740 692 2774 fascias
721 2743 971 2775 transversales
999 2743 1175 2783 collectis3
1202 2742 1430 2782 cystocarpiis
1456 2741 1601 2781 subglo-

179 2796 275 2829 hosis
300 2798 484 2830 sessilibus
511 2799 675 2832 solitariis
700 2802 752 2833 vel
780 2803 963 2843 oppositis.
1013 2800 1113 2834 Ji'utz.
1139 2809 1189 2842 sp.
1212 2810 1247 2843 p.
1275 2801 1352 2832 862.

180 2855 396 2897 Cliylocladia
424 2856 566 2890 fasciata
593 2856 747 2903 Meneqlt.
773 2859 795 2892 l.
821 2870 850 2893 c.

182 2910 266 2946 Hal).
291 2915 326 2946 in
351 2915 436 2947 mari
464 2914 642 2950 adriatico,
