1728 3110
140 106 159 146 1
174 105 227 146 12
236 106 260 146 2
757 106 1039 148 anonommffi.
1469 108 1650 151 Vidalz'a.

134 233 211 267 ΙΙΙ.
231 243 272 276 p.
299 235 376 275 149,
403 233 475 268 tab.
513 235 556 268 13
584 233 649 278 fiy.
689 235 721 268 2.
760 237 794 268 et
827 233 952 278 Crypt.
980 234 1078 277 Aqu.
1099 243 1140 276 p.
1167 235 1225 268 39!
1262 233 1355 277 Esp.
1382 233 1473 268 Fue.
1499 233 1572 268 tab.
1599 234 1652 267 71.

133 292 250 326 Turn.
275 293 375 327 Hz‘st.
402 293 496 327 Fac.
525 293 596 327 tab.
623 296 659 327 2!
685 293 787 327 Bert.
814 294 895 327 Am.
916 303 956 336 p.
983 294 1065 327 291!

226 352 459 386 Rhodomela
484 353 663 386 volubilis
691 351 758 396 Ay.
774 351 890 394 Spp.
905 352 988 385 374!
1004 350 1153 394 Systffl.
1170 351 1251 385 197!
1269 351 1387 385 Mart.
1402 349 1558 393 Reisep.
1573 351 1652 385 634.

224 411 483 454 Dictyoinenia
518 411 696 444 volubilis
735 409 861 450 Grev.;
896 408 928 443 J.
956 409 1024 453 Ay.
1058 409 1140 452 Aly.
1177 409 1266 443 med.
1287 419 1328 451 p.
1367 410 1448 443 146!
1487 408 1653 442 Zanard.

136 468 227 512 Syn.
249 479 289 511 p.
316 471 377 503 80!
403 469 516 503 Kzeoe.
543 468 608 512 Sp.
635 469 716 512 Algy.
737 479 779 512 p.
805 470 888 503 8471

225 529 465 561 Volubilaria
492 529 761 562 mediterranea
785 527 971 561 Lammw!
1000 527 1103 570 Bory
1128 527 1225 561 Dz'ct.
1253 524 1304 560 CI.
1338 525 1412 560 Vol.
1439 526 1481 559 16
1501 535 1542 568 p.
1569 526 1653 559 630!

130 585 231 628 ΕΜ).
260 586 384 620 More'e
409 597 468 619 wo
497 587 600 620 1461!

225 646 322 678 Iron.
350 643 503 678 Boccon.
531 644 602 678 Sic.
629 644 700 678 tab.
728 647 771 678 38
788 644 853 687 fiy.
882 646 913 677 2.
938 643 1087 677 Barrel.
1124 643 1175 676 Ic.
1215 643 1288 677 tab.
1328 644 1427 677 1303.
1460 641 1570 675 Ginw.
1596 651 1654 684 01).

125 706 224 746 post.
253 702 324 736 tab.
352 704 406 736 27.
432 703 536 737 Delle
563 701 705 743 Chiajie
730 703 852 746 Hydr.
878 702 998 745 Neap.
1026 701 1097 735 tab.
1122 701 1245 735 LXV.

241 784 342 822 Hab.
374 785 414 822 in
446 785 626 831 eonehis,
658 785 809 823 truncis
840 784 1008 822 vetustis
1052 783 1298 828 Posidoniae,
1331 787 1406 820 ete.
1445 781 1654 834 profundi-

132 851 213 889 oris
246 851 367 889 maris
399 851 699 897 mediterranei,
731 851 929 889 Adriatici
961 855 1001 888 et
1031 850 1136 902 nigri
1166 863 1186 887 a
1221 849 1495 901 Sevastopoli!
1529 861 1654 899 usque

131 918 181 957 ad
213 919 368 958 Gades!
402 923 442 957 et
470 918 638 970 Tinginl
672 918 826 957 Oceani
857 918 1052 956 atlantici.

224 999 342 1031 Frons
368 1010 388 1030 a
415 998 517 1031 disco
545 1008 710 1040 expanso
737 996 889 1029 radicali
915 1007 1082 1039 surgens,
1108 997 1236 1040 stipite
1271 997 1373 1029 brevi
1404 995 1655 1034 teretiusculo,

132 1066 221 1089 mox
249 1056 441 1089 subdivisa
469 1059 504 1088 et
532 1066 623 1098 vage
652 1066 807 1095 ramosa,
832 1054 921 1087 4⁷6
953 1056 1152 1098 pollicaris,
1186 1057 1331 1088 unciam
1365 1055 1557 1088 dimidiam
1586 1055 1655 1086 011·-

131 1115 223 1147 citer
248 1115 335 1147 lata.
386 1115 490 1147 Ranu
518 1115 741 1154 conformes,
772 1114 1084 1157 prolificationum
1113 1114 1155 1146 ad
1184 1115 1303 1146 instar
1329 1125 1349 1146 a
1375 1115 1510 1157 pagina
1536 1113 1656 1146 media

131 1173 264 1205 leviter
292 1174 495 1206 incrassata
524 1177 764 1216 emergentes,
803 1174 929 1216 stipite
967 1173 1071 1205 brevi
1110 1173 1353 1206 teretiusculo
1391 1172 1540 1211 suffulti,
1568 1182 1655 1204 mox

131 1233 168 1264 in
197 1232 363 1265 frondem
393 1233 712 1265 membranaceam
741 1232 814 1265 late
842 1232 1020 1264 linearem
1047 1232 1196 1275 planam
1224 1236 1260 1264 at
1287 1231 1444 1265 cochlea·
1461 1231 1655 1265 Archime-

132 1290 208 1322 dea·
235 1291 278 1323 ad
307 1292 424 1323 instar
451 1291 563 1323 dense
591 1291 780 1333 spiraliter
807 1294 953 1327 tortam,
982 1291 1149 1333 margine
1179 1292 1541 1324 sinuoso-dentatam
1579 1291 1656 1334 api-

133 1349 238 1381 cibus
266 1349 412 1382 obtusis
438 1350 631 1382 abeuntes.
680 1350 819 1382 Dentes
847 1353 932 1382 sunt
958 1349 1032 1382 late
1060 1349 1318 1392 triangulares,
1334 1349 1481 1382 steriles
1502 1350 1655 1382 latiores

133 1417 245 1449 quani
271 1407 384 1450 longi,
410 1407 651 1450 loi‘igItudine.
689 1418 756 1440 sua
796 1409 857 1440 vix
895 1412 1064 1451 quartam
1104 1411 1247 1451 partem
1275 1408 1485 1440 latitudinis
1510 1408 1655 1441 frondis

132 1470 345 1509 aequantes3
374 1466 514 1499 fertiles
544 1467 756 1509 prolongati
783 1470 818 1498 et
843 1478 863 1499 a
889 1468 1055 1509 margine
1082 1467 1237 1510 pinnati,
1264 1467 1385 1509 pinnis
1402 1468 1529 1510 paucis
1543 1466 1655 1498 alter-

133 1526 189 1557 nis
216 1525 420 1558 linearibus
447 1527 620 1564 incurvis,
659 1526 795 1558 lineam
835 1526 982 1557 circiter
1020 1525 1153 1568 longis,
1190 1524 1466 1568 sphaerosporas
1504 1525 1655 1557 demum

134 1584 275 1627 duplici
303 1586 396 1617 serie
425 1586 624 1628 dispositas
662 1584 886 1618 foventibus
940 1584 1154 1617 Keramidia
1193 1584 1439 1616 subsiniiliter
1465 1584 1654 1626 disposita,

134 1643 333 1676 rotundata
367 1643 406 1684 (a
432 1655 488 1675 nie
517 1654 588 1676 non
630 1645 736 1684 visa).
785 1643 1002 1677 Substantia
1040 1642 1184 1675 frondis
1222 1642 1504 1675 membranacea
1540 1642 1655 1681 firma,

134 1701 269 1734 chartae
296 1712 361 1734 nec
392 1703 543 1734 minime
570 1701 742 1734 adium-et.
792 1701 904 1735 Color
929 1701 1071 1741 badius,
1097 1711 1192 1733 nunc
1218 1711 1407 1744 purpureo
1435 1701 1608 1733 suffusus.

225 1760 342 1793 Frons
371 1760 530 1793 dissecta
556 1760 676 1792 tribus
703 1762 830 1792 stratis
857 1765 1026 1793 constare
1055 1760 1210 1792 videtur.
1246 1759 1398 1792 Cellulae
1426 1761 1565 1791 intimae
1592 1769 1655 1791 an-

134 1819 322 1860 gustiores
352 1823 388 1851 et
414 1819 614 1861 longiores,
644 1819 809 1862 pluribus
837 1818 1004 1851 seriebus
1038 1819 1247 1861 disposita-3
1275 1817 1332 1850 his
1360 1819 1539 1861 proxima?
1568 1817 1654 1850 sub-

135 1876 275 1909 similes
301 1882 337 1909 at
363 1877 570 1920 breviores3
613 1876 756 1909 cellulae
796 1876 1001 1917 corticales,
1040 1876 1211 1919 pluribus
1249 1875 1417 1908 seriebus
1456 1875 1654 1918 dispositae,

135 1936 284 1967 extima¹
325 1935 476 1968 densius
515 1935 803 1968 endochrmnate
842 1936 965 1967 sarcta·
1004 1938 1040 1967 et
1072 1936 1247 1967 minores.
1297 1935 1327 1967 A
1358 1935 1551 1977 superficie
1577 1935 1655 1966 visa

134 1993 237 2025 frons
265 1993 417 2026 exhibet
445 1994 598 2026 cellulas
639 1995 767 2026 media·
806 1995 946 2036 paginae·
972 1992 1300 2035 longitudinaliter
1325 1994 1487 2032 seriatas,
1514 1995 1653 2025 costam

136 2052 347 2091 efficientes,
374 2063 394 2084 a
420 2063 493 2096 qua
520 2064 620 2085 venae
636 2052 774 2084 similes
800 2052 844 2084 ad
872 2052 1002 2084 dentes
1031 2056 1246 2090 excurrunt,
1273 2052 1401 2095 spatiis
1422 2052 1654 2085 intermediis

136 2110 290 2143 cellulas
332 2111 535 2149 breviores,
571 2121 636 2143 nec
672 2112 723 2143 ita
759 2111 1034 2153 longitudinem
1076 2120 1182 2143 secus
1209 2112 1374 2151 seriatas,
1401 2111 1653 2145 offerentibus.

138 2168 319 2202 Sticliidia
348 2172 557 2202 transverse
585 2173 683 2201 secta
714 2170 894 2212 adparent
920 2173 1029 2202 extus
1057 2171 1190 2201 eximie
1225 2180 1401 2212 convexa,
1429 2171 1529 2203 intus
1556 2180 1654 2203 com-

136 2228 294 2271 planata,
320 2238 386 2271 per
412 2228 565 2260 cellulas
591 2228 830 2260 intermedias
857 2229 962 2271 quasi
990 2229 1026 2260 in
1055 2228 1129 2261 duo
1149 2228 1399 2261 loculamenta
1420 2224 1653 2272 divisaque-

136 2298 219 2319 rum
247 2287 423 2331 quodque
450 2286 742 2330 sphaerosporam
782 2286 982 2319 centralem
1021 2288 1195 2327 continet,
1232 2286 1380 2319 cellulis
1413 2286 1653 2320 corticalibus

137 2348 377 2379 circumcirca
402 2348 571 2379 cinctam.

233 2406 378 2448 Species
418 2405 481 2438 diu
520 2403 667 2448 cognita
704 2406 739 2436 et
777 2403 889 2436 nullis
930 2405 1006 2436 fere
1041 2406 1270 2447 synonymiae
1310 2404 1433 2437 dubiis
1465 2407 1607 2440 vexata,
1633 2414 1654 2436 a

137 2464 328 2497 Wulfenio
372 2468 407 2496 et
451 2464 685 2503 Bel-telonio,
722 2467 762 2495 ut
798 2463 842 2494 iis
888 2472 969 2495 mos
1008 2465 1079 2503 est,
1118 2464 1253 2495 eximie
1291 2462 1492 2505 descripta,
1529 2463 1653 2495 fructu

114 2542 116 2544 v
139 2523 324 2566 capsulari
358 2535 378 2555 a
404 2523 571 2556 ΤΗΙ-11010
597 2522 799 2560 illustrato,
825 2520 1007 2553 stichidiis
1041 2521 1159 2554 multo
1199 2521 1518 2565 frequentioribus
1544 2532 1564 2553 a
1590 2531 1652 2553 ne—

138 2582 248 2620 mine,
285 2580 382 2624 quod
423 2581 540 2621 video,
579 2581 782 2623 descriptis.
834 2579 1009 2611 Decaisne
1048 2577 1192 2620 (Plant.
1224 2577 1267 2611 de
1292 2576 1436 2611 Z'Arab.
1456 2587 1497 2620 p.
1524 2578 1589 2611 175
1613 2578 1653 2610 in

139 2636 252 2671 Arch.
278 2636 329 2671 du
354 2637 457 2671 Mus.
490 2636 565 2670 Vol.
590 2636 650 2681 II)
678 2647 816 2680 organa
842 2635 1016 2680 sphaerica
1044 2637 1274 2675 memoravit,
1289 2639 1323 2669 et
1337 2637 1375 2668 in
1401 2636 1523 2669 media
1547 2638 1652 2679 parte

139 2700 175 2729 et
202 2697 247 2729 ad
273 2698 459 2740 margines
485 2696 674 2729 frondium
701 2696 947 2735 obvenientia,
974 2706 1055 2738 quae
1092 2695 1299 2728 keramidia
1336 2694 1529 2735 videntur,
1567 2693 1651 2734 haec,

138 2756 239 2788 intra
265 2756 509 2799 periearpiurn
538 2765 712 2795 crassum,
739 2754 912 2787 nucleum
939 2754 1010 2786 filis
1032 2756 1068 2786 et
1083 2753 1256 2786 utriculis
1272 2752 1550 2786 claviformibus
1565 2763 1651 2786 con·

141 2815 314 2847 stitutum
342 2814 506 2846 foventia
531 2813 738 2856 descripsit.
787 2813 996 2856 Specimina
1020 2811 1076 2845 his
1103 2814 1234 2845 ornata
1260 2810 1442 2843 stichidiis
1474 2810 1652 2844 destituta

142 2872 324 2905 observat.
