1728 3110
145 109 158 150 4
173 109 196 150 2
209 111 230 151 7
240 110 265 150 4
776 109 1056 150 RHODOMELEAE.
1463 115 1660 157 Claude&-

137 251 227 288 quae
258 242 382 277 costae
412 239 613 290 proximae
644 243 748 283 sunt,
793 239 966 290 primum
1012 242 1193 285 maturae,
1232 239 1538 290 insequentibus
1569 240 1659 277 aliis

137 305 319 355 ejusdem
351 319 463 344 zonae
494 306 787 344 transversalis.
852 306 1003 345 Omnes
1034 306 1235 357 triangule
1266 306 1416 344 divisas
1447 306 1542 344 vidi.
1584 307 1660 344 Sti-

136 372 272 412 chidio
306 378 535 412 transverse
581 379 691 412 secto
738 374 906 425 adparet
950 373 1118 411 cellulas
1149 377 1405 424 praegnantes
1438 385 1525 410 esse
1556 373 1660 410 intra

137 446 304 479 stratum
338 446 461 479 tenue
493 441 688 480 corticale
718 441 883 493 positas,
915 440 1144 478 interstitiis
1176 438 1435 478 tiliformibus
1454 439 1567 489 quasi
1599 452 1659 477 se-

128 509 305 558 junctas,
339 510 595 548 dextrorsum
629 514 669 547 et
699 509 974 548 sinistrorsum
1007 507 1211 559 duplicem
1243 506 1390 545 seriem
1421 506 1654 545 formantes,

135 576 379 616 Stichidium
411 577 488 615 1100
519 577 641 615 modo
673 577 786 627 quasi
818 576 1160 628 polysiphoneum
1191 575 1327 613 dicere
1352 574 1506 620 liceret,
1526 573 1660 626 sipho-

133 645 252 684 nibus
284 645 468 697 plurimis
500 644 714 683 fertilibus.

244 712 483 750 Keramidia
514 712 554 751 in
587 712 771 765 apicibus
804 712 943 751 liberis
975 711 1224 758 foliolorum,
1256 726 1346 764 quae
1377 727 1399 750 a
1430 716 1540 751 costa
1571 712 1658 751 folii

132 779 298 830 oblique
328 780 620 819 adscendentia
651 785 873 818 excurrunt
904 779 1067 823 (foliola
1097 780 1307 832 primaria)
1340 780 1515 824 evoluta,
1546 779 1658 830 pedi-

131 847 237 886 cello
268 847 389 899 plano
422 848 574 891 (folioli
620 853 734 900 parte
780 847 926 891 libera)
972 847 1147 893 sull'ulta,
1192 848 1380 886 deorsum
1424 854 1589 898 (nempe
1619 847 1658 884 111

130 916 280 967 pagina
312 915 443 954 folioli
475 915 689 964 inferiore)
721 915 964 968 prominula,
1004 915 1266 967 subspherica
1305 920 1345 953 at
1383 914 1422 952 111
1454 918 1659 966 carposto-

130 983 256 1021 mium
290 983 500 1035 producta,
533 982 694 1034 apiculo
741 983 872 1021 folioli
920 995 1026 1021 nunc
1058 987 1267 1034 superata3
1299 982 1571 1034 pericarpium
1601 986 1658 1020 te-

130 1062 209 1087 nue
242 1051 609 1095 membranacerui),
631 1055 807 1088 attamen
840 1050 1022 1102 pluribus
1041 1050 1279 1088 cellularum
1299 1050 1479 1088 seriebus
1511 1050 1658 1088 consti-

130 1122 273 1163 tutum,
305 1118 580 1157 exterioribus
620 1118 875 1157 brevioribus
921 1119 1122 1170 angulatis
1155 1117 1423 1156 substellatim
1454 1117 1658 1162 areolatis,

130 1185 394 1224 interioribus
412 1185 764 1237 longit-udinaliter
783 1186 1094 1224 excurrentibus
1115 1184 1351 1231 laxioribus,
1372 1184 1499 1237 magis
1517 1185 1658 1223 oblon-

130 1252 204 1302 gis,
236 1252 302 1290 1110
332 1253 418 1291 11110
450 1253 613 1291 inllatis.
646 1254 839 1291 Placenta
869 1267 891 1290 a
922 1258 1035 1304 parte
1062 1253 1189 1303 magis
1215 1253 1471 1304 complanata
1491 1252 1660 1304 (pagina

130 1318 261 1358 folioli
295 1320 522 1371 superiore)
554 1333 736 1371 surgens,
769 1320 807 1358 111
828 1320 895 1358 tila
913 1319 1378 1371 fasciculam-fastigiata
1398 1321 1541 1366 soluta,
1561 1333 1658 1370 quo-

130 1399 217 1423 rum
248 1386 289 1424 in
320 1387 501 1425 articulis
533 1387 816 1426 terminalibus
864 1387 1085 1439 gemmidia
1132 1387 1372 1439 pyriformia
1402 1391 1657 1438 generantur.

244 1453 344 1492 Aliis
373 1454 591 1505 generibus
623 1454 853 1492 fenestratis
885 1454 1253 1493 Rhodomelearum
1275 1454 1454 1492 Claudea
1472 1454 1659 1505 proxima

130 1520 304 1565 videtur,
337 1520 466 1559 forma
500 1526 540 1558 et
570 1521 816 1559 evolutionis
848 1535 990 1560 norma
1022 1521 1239 1567 frondium,
1258 1521 1525 1573 dispositione
1544 1533 1657 1560 areo-

129 1588 258 1626 larum
290 1593 412 1638 atque
443 1588 642 1626 stichidiis
674 1590 880 1641 praecipue
906 1590 1097 1640 generice
1128 1589 1330 1628 distincta.
1362 1589 1398 1626 A
1428 1590 1657 1634 Martensia,

129 1669 232 1705 quae,
264 1656 428 1694 defectu
460 1662 598 1702 costae,
630 1656 864 1695 evolutione
896 1657 1065 1695 inferior
1095 1657 1266 1702 videtur,
1293 1671 1371 1696 non
1391 1670 1499 1708 aegre
1516 1657 1656 1696 distin-

131 1727 278 1772 guatur
324 1723 411 1774 ipsa
456 1723 581 1774 partis
628 1724 859 1761 semeso-auo
905 1724 1063 1774 origine
1094 1723 1266 1762 diversa.
1326 1724 1362 1761 A
1394 1724 1587 1775 Dictyuro
1619 1729 1659 1762 et

130 1791 402 1831 Vanvoorstia
449 1793 676 1831 areolarum
721 1793 989 1845 dispositione
1021 1798 1061 1831 et
1091 1794 1220 1832 forma
1250 1794 1531 1832 stichidioruni
1577 1808 1656 1833 non

129 1859 261 1896 minus
294 1871 412 1909 quam
446 1864 527 1898 tota
560 1861 806 1899 evolutionis
839 1874 982 1899 norma
1014 1860 1204 1900 foliorum
1237 1860 1509 1912 dignoscatur.
1544 1861 1655 1899 Atta-

129 1938 222 1964 men
254 1928 361 1976 quod
394 1928 538 1965 attinet
583 1928 748 1972 fructus,
794 1929 1012 1967 observare
1054 1928 1166 1966 lubet
1211 1940 1274 1965 me
1320 1933 1473 1967 tantum
1506 1930 1546 1967 in
1578 1943 1653 1968 una

129 1994 266 2045 specie
298 1994 491 2033 Claudeae
522 1996 674 2034 fructus
706 1996 869 2034 vidisse.

241 2061 425 2105 Plurimi,
445 2062 511 2112 qui
546 2063 595 2100 de
613 2063 750 2114 planta,
781 2063 1009 2101 admirabili
1044 2064 1292 2115 scripserunt
1307 2068 1506 2109 auctores,
1524 2064 1653 2115 ipsum

131 2129 339 2167 crescendi
372 2130 535 2167 modum
568 2143 646 2167 non
693 2130 745 2167 ita
780 2119 825 2166 ac
856 2130 916 2167 fas
948 2130 1019 2168 fuit
1053 2130 1314 2168 illustrarunt.
1378 2131 1653 2168 Fenestratam

129 2199 283 2246 partem
331 2195 490 2247 origine
535 2196 781 2247 contiguam,
828 2197 977 2234 sensim
1023 2197 1267 2248 perforatam
1307 2197 1493 2237 evadere.
1541 2197 1654 2234 venis

128 2261 453 2312 persistentibus,
485 2262 647 2314 plurimi
680 2263 902 2300 credidisse
933 2263 1135 2302 videntur.
1195 2264 1355 2315 Harvey
1386 2263 1513 2314 ipsam
1545 2275 1654 2302 com-

129 2327 376 2378 positionem
408 2329 563 2368 frondis
583 2330 735 2380 primus
767 2330 932 2380 egregie
964 2330 1191 2368 illustravit.
1253 2330 1541 2369 Stichidiorum
1574 2330 1655 2369 for-

130 2408 249 2440 mam,
268 2401 309 2434 et
323 2397 529 2448 prtecipue
563 2397 808 2436 evolutionis
840 2411 1019 2436 normam
1053 2402 1173 2449 atque
1198 2399 1505 2450 dispositionem
1524 2399 1652 2451 sphae-

128 2475 384 2514 rosporarum
418 2477 551 2515 neque
582 2465 631 2501 ab
671 2478 733 2509 00,
765 2477 896 2515 neque
935 2465 985 2503 ab
1030 2466 1120 2503 aliis
1164 2466 1241 2504 rite
1285 2466 1510 2505 exhibitam
1540 2471 1648 2518 puto.

132 2529 444 2582 Sphaerosporas
492 2532 604 2569 nullo
636 2531 778 2569 ordine
810 2531 976 2569 seriatas
1022 2537 1161 2570 contra
1191 2534 1449 2571 Lamouroux
1489 2538 1528 2571 et
1557 2533 1651 2571 Mir-

129 2595 195 2633 bel
213 2602 327 2647 urget
358 2598 558 2636 Decaisne
589 2599 666 2645 (Pl.
697 2600 741 2635 (le
771 2599 918 2636 [ἰὼ-αὔ.
941 2611 982 2645 2).
1014 2598 1110 2641 179)
1144 2604 1183 2637 et
1212 2599 1267 2636 ita
1298 2612 1458 2650 quoque
1481 2612 1565 2638 rem
1583 2612 1652 2638 ex-

130 2663 243 2701 hibet
273 2664 312 2701 in
346 2664 499 2715 analysi
547 2677 663 2715 quam
711 2665 824 2703 dedit
868 2665 1110 2703 nitidissima
1141 2666 1201 2710 (in
1254 2666 1342 2714 Voy.
1375 2668 1419 2704 de
1449 2668 1487 2704 la
1526 2667 1651 2704 Vemts

129 2730 186 2766 Pl.
217 2729 281 2777 2);
313 2734 353 2767 at
382 2734 492 2768 certe
523 2731 610 2782 ipse
642 2731 760 2769 aliter
791 2731 887 2778 vidi,
919 2736 961 2769 ut
990 2745 1110 2783 supra
1154 2732 1427 2784 descriptione
1470 2733 1650 2771 indicare

129 2801 298 2833 conatus
328 2809 429 2834 sum.
489 2796 582 2835 Alio
613 2798 820 2849 praecipue
853 2799 943 2837 1000
975 2798 1098 2847 (Aom.
1133 2800 1189 2838 Sc.
1220 2799 1309 2837 Nat.
1344 2800 1423 2838 Ser.
1454 2801 1535 2837 III.
1574 2800 1648 2837 Vol.

195 2875 232 2908 p.
262 2862 360 2909 234)
400 2864 449 2901 de
481 2865 782 2916 conceptaculis
829 2865 1057 2905 bivalvibus
1103 2866 1294 2905 Claudeae
1339 2867 1535 2917 loquitur;
1580 2867 1647 2905 sti-
