1728 3110
182 125 233 166 12
243 124 267 166 2
278 125 302 167 6
801 122 1079 166 Rnonoumffl.
1525 126 1687 182 Dasya.

283 266 456 306 superne
495 259 535 293 et
573 254 796 294 minoribus
834 253 919 291 fere
956 266 1028 305 per
1066 257 1191 292 totam
1228 251 1523 305 longitudinem
1554 266 1685 291 ramu-

281 321 629 372 loso-squarrosis‚
659 321 824 359 ramulis
855 334 877 358 a
904 325 1027 359 strato
1045 319 1226 358 cortieali
1244 332 1572 371 quoquoversum
1589 332 1685 358 exe-

281 388 443 427 untibus
474 401 497 426 a
535 388 620 426 basi
659 387 982 439 monosiphoniis
1021 386 1261 425 densissime
1299 386 1554 432 dichotomis‚
1586 386 1686 424 infe-

280 455 454 495 rioribus
485 455 634 494 sensim
665 454 858 507 abruptis,
888 453 1246 506 superioribusque
1281 452 1687 491 divaricato-intrica-

279 523 330 562 tis
361 523 504 575 rigidis
535 524 651 575 apice
681 522 808 561 acutis
835 523 994 561 demum
1021 521 1312 567 stichidiiseris‚
1333 521 1530 560 stichidiis
1549 526 1686 560 ovato-

278 589 503 629 lancoideis
547 590 733 629 acumine
781 590 904 642 longo
936 589 1159 628 terminatis
1206 587 1471 640 pedicellatis,
1513 588 1685 626 kerami-

279 657 382 696 diis.
409 687 460 705 ..,
491 657 671 696 articulis
701 658 946 697 ramulorum
978 657 1174 695 diametro
1205 655 1402 707 2-——4—plo
1420 654 1685 706 longioribus.

260 738 384 780 Dasya
410 738 583 779 elongata
607 735 720 770 Sond.
747 736 769 769 l.
794 745 823 769 c.
851 735 932 778 Aly.
960 733 1098 769 Preiss.
1120 744 1161 776 p.
1187 735 1246 767 32!
1273 733 1425 775 Harvey
1444 732 1532 766 Ner.
1554 732 1685 766 Austr.

163 802 202 835 p.
228 794 283 827 63.
310 793 382 828 tab.
410 794 576 828 XXIII!
600 795 702 829 Mar.
729 794 810 828 Bot.
837 792 878 835 of
906 793 1013 828 West.
1041 793 1171 827 Austr.
1196 793 1235 826 in
1262 791 1323 826 Tr.
1344 790 1456 825 Irish.
1474 790 1588 825 Acad.
1610 790 1684 824 Vol.

169 850 304 886 XXII.
325 861 366 895 10.
392 853 470 886 542.
517 851 630 886 Kutz.
657 852 720 895 Sp.
741 862 782 894 p.
809 852 890 886 797!

257 926 401 958 Exsicc.
428 924 547 958 Hem-v.
575 923 656 967 Aly.
682 924 813 957 Austr.
839 933 899 956 mo
924 923 1006 956 202!

275 994 377 1033 Hab.
422 995 463 1032 in
509 1006 663 1033 oceano
695 993 859 1032 australi
890 994 940 1032 ad
979 1006 1124 1033 novam
1165 993 1425 1032 Hollandiam
1454 991 1684 1031 occidenta-

165 1063 245 1101 lem
277 1061 498 1113 (Harveyl)

257 1142 374 1174 Frons
402 1141 542 1185 pedalis
569 1140 599 1173 ὣ
628 1131 734 1181 ultra,
761 1141 863 1173 caule
896 1141 1039 1173 inferne
1073 1152 1230 1184 pennam
1265 1141 1513 1174 columbinam
1548 1149 1684 1179 crasso,

165 1211 185 1233 a
212 1201 291 1233 basi
318 1204 458 1234 scutata
480 1201 700 1233 nudiuscula
727 1203 817 1240 orta,
845 1211 908 1244 per
930 1203 1044 1234 totam
1060 1200 1334 1243 longitudinem
1349 1199 1683 1243 semipollicaribus

164 1261 349 1295 distantiis
377 1263 631 1306 subpinnatim
658 1272 813 1303 ramosa,
853 1263 965 1294 ramis
991 1262 1193 1294 admodum
1233 1261 1455 1304 patentibus,
1482 1259 1683 1301 majoribus

164 1322 418 1354 conformibus
444 1320 533 1353 4-5
562 1321 815 1364 pollicaribns.
841 1321 947 1353 Rami
971 1321 1145 1363 geminati
1167 1323 1231 1352 aut
1253 1319 1536 1357 subfasciculati,
1552 1329 1682 1361 nempe

163 1379 253 1412 2-3
280 1390 325 1412 ex
353 1379 482 1412 eodem
510 1380 586 1412 fcrc
613 1379 695 1412 loco
724 1380 996 1422 provenienteS,
1028 1389 1123 1411 nunc
1150 1378 1372 1421 adparet-nter
1398 1376 1545 1419 singuli,
1580 1380 1617 1409 at
1643 1387 1682 1409 re

163 1449 251 1471 vera
276 1448 380 1472 ramo
408 1439 543 1471 minori
569 1438 719 1471 axillari
747 1438 889 1478 muniti,
917 1448 1014 1470 nunc
1039 1437 1109 1470 hoc
1135 1437 1259 1469 forsan
1292 1436 1498 1469 abortientc
1525 1435 1683 1467 solitarii

164 1500 333 1541 manent3
367 1507 505 1536 omnes,
543 1496 658 1529 caulis
693 1496 815 1535 modo,
853 1506 948 1529 nova
985 1497 1078 1528 serie
1118 1506 1308 1528 ramorum
1346 1494 1591 1527 conformium
1625 1503 1682 1525 or-

163 1556 249 1596 nati,
286 1555 366 1588 basi
405 1555 619 1587 nudiusculi
649 1557 685 1587 et
714 1554 871 1596 majores
899 1565 1046 1587 sursum
1079 1554 1229 1597 longius
1264 1554 1395 1597 glabri,
1420 1553 1516 1586 infra
1541 1554 1681 1596 apicem

163 1617 199 1646 et
224 1615 317 1646 rami
343 1614 467 1647 ultimi
495 1613 636 1647 ordinis
665 1613 709 1646 ab
738 1614 841 1656 apice
869 1613 945 1645 fere
972 1613 1016 1645 ad
1044 1613 1169 1645 basem
1197 1613 1385 1645 ramulosi.
1418 1612 1564 1645 Ramuli
1590 1622 1681 1655 quo-

162 1682 388 1716 quoversum
416 1674 594 1704 exeuntes
621 1670 652 1703 ὣ
680 1671 785 1704 nullo
814 1671 990 1704 distincto
1019 1672 1148 1705 ordine
1174 1682 1195 1703 a
1221 1674 1337 1703 strato
1363 1669 1538 1710 corticali,
1558 1674 1599 1702 ut
1619 1680 1681 1713 ap-

162 1734 277 1773 paret,
304 1733 576 1774 provenientes,
603 1732 836 1774 superiorem
870 1741 1059 1763 ramorum
1099 1733 1241 1773 partem
1268 1729 1505 1761 circumcirca
1529 1729 1681 1761 investi-

164 1792 277 1830 entes,
305 1801 325 1822 a
350 1790 429 1822 basi
469 1789 756 1833 monosiphonii,
794 1789 1016 1828 densissimi,
1055 1799 1185 1832 nempe
1223 1789 1259 1820 in
1297 1788 1473 1821 inferiore
1505 1791 1609 1831 parte
1635 1787 1680 1820 ad

161 1848 374 1889 geniculum
403 1847 580 1891 quodque
607 1847 820 1880 dichotomc
848 1847 967 1886 divisi,
994 1846 1159 1879 rainellis
1186 1856 1298 1889 supra
1324 1846 1457 1878 axillas
1478 1845 1680 1878 admodum

163 1910 329 1948 patentes
360 1908 626 1949 patentissimis
661 1910 725 1939 ant
763 1906 1060 1945 subdival-iestis,
1099 1906 1270 1944 curvatis,
1308 1904 1568 1937 terminalibus
1595 1914 1679 1936 acu-

161 1965 320 2004 minatis,
348 1965 521 1997 omnibus
548 1964 699 2007 rigidisg
737 1965 770 1996 in
812 1965 986 1996 inferiore
1025 1966 1129 2007 parte
1168 1964 1356 1997 ramulosa
1382 1963 1517 1996 ramuli
1544 1964 1679 1996 sensim

159 2023 310 2065 abrupti
349 2023 521 2061 evadunt,
560 2024 595 2055 in
623 2024 726 2065 apice
766 2023 974 2055 densissimi
1014 2025 1284 2065 convergentes
1318 2023 1492 2055 intricata
1516 2021 1679 2055 ramulo-

160 2091 245 2112 rum
273 2082 447 2123 congerie
474 2091 618 2112 ramum
647 2081 812 2122 cingunt.
861 2080 1038 2113 Stichidia
1075 2082 1111 2113 in
1138 2081 1292 2113 ramulis
1318 2080 1540 2124 plerumque
1566 2080 1677 2123 paulo

161 2139 400 2172 mollioribus
428 2139 694 2181 provenientia,
724 2139 759 2170 in
787 2138 945 2180 singulis
974 2139 1082 2181 plura
1107 2142 1142 2171 at
1171 2149 1243 2171 non
1272 2139 1473 2172 admodum
1499 2148 1676 2181 aggrega-

160 2203 205 2235 ta,
232 2198 415 2241 pedicello
441 2197 529 2230 1—2
557 2197 724 2230 articulis
751 2201 943 2230 constante
971 2198 1120 2231 suffulta
1147 2202 1182 2230 et
1203 2198 1357 2231 ramulis
1379 2197 1566 2230 sterilibus
1582 2198 1676 2229 cinc-

159 2258 205 2295 ta,
234 2256 558 2289 ovato-lancoidea
596 2259 660 2287 aut
698 2256 866 2288 acumine
905 2255 1066 2298 longiori
1107 2260 1171 2289 aut
1208 2260 1311 2300 parte
1338 2256 1508 2298 longiore
1534 2255 1677 2288 ramelli

160 2316 365 2355 terminata,
394 2315 587 2358 pellucida,
613 2316 710 2347 iuter
738 2314 891 2347 cellulas
907 2315 1011 2347 laxas
1028 2316 1304 2359 spbar-osporas
1327 2316 1599 2359 pluri-seriatas
1623 2316 1675 2348 so-

161 2374 294 2406 ventia.
344 2373 559 2406 Keramidia
585 2384 658 2406 non
686 2373 774 2414 vidi,
801 2384 866 2405 nec
899 2373 944 2405 ab
983 2375 1198 2407 auctoribus
1236 2374 1510 2407 describuntur.
1559 2374 1681 2407 Frons'

165 2441 284 2474 usque
311 2432 352 2464 ad
384 2433 504 2475 apices
532 2433 727 2473 corticatag
756 2432 916 2464 sectione
950 2433 1187 2465 transversali
1224 2432 1300 2465 vidi
1338 2432 1496 2473 majores
1524 2431 1674 2464 cellulas

159 2489 249 2521 4—8
277 2491 372 2522 circa
399 2490 599 2522 eentralem
626 2490 835 2533 dispositas,
874 2489 956 2533 plus
986 2492 1108 2523 minus
1141 2491 1352 2531 distinctas·7
1381 2491 1575 2532 primarias
1601 2490 1673 2522 sor-

159 2558 221 2580 san
249 2547 280 2586 4,
320 2548 475 2580 totidem
504 2548 756 2581 exterioribus
782 2551 818 2580 at
844 2558 931 2581 mox
958 2559 1061 2591 {eque
1088 2550 1231 2591 magnis
1258 2550 1406 2588 cinctas,
1432 2558 1559 2581 omnes
1584 2557 1673 2591 prae-

159 2609 258 2638 terea
285 2606 396 2638 dense
424 2607 639 2648 corticata-s·7
669 2607 877 2650 superficies
903 2607 1227 2648 longitudinaliter
1253 2607 1428 2639 arcolata.
1477 2607 1518 2639 In
1542 2604 1672 2638 ramel-

157 2665 203 2697 lis
243 2665 486 2707 rigidioribus
524 2665 716 2697 sterilibus
754 2669 841 2698 sunt
876 2665 1024 2698 articuli
1063 2666 1270 2706 breviores,
1307 2666 1488 2699 diametro
1526 2666 1670 2697 circiter

160 2723 419 2767 sesqui-duplo
447 2723 656 2767 longiores3
682 2725 721 2756 in
745 2723 982 2757 mollioribus
1021 2724 1210 2757 fertilibus
1248 2727 1335 2757 sunt
1360 2725 1397 2756 in
1423 2723 1587 2756 ramellis
1613 2732 1671 2755 su-

155 2827 234 2860 44a.
259 2828 304 2861 D.
334 2838 503 2860 vatorum
529 2825 657 2869 (Sonat.
682 2825 765 2860 Bot.
794 2824 888 2859 Zez't.
914 2826 1015 2859 1845.
1036 2835 1076 2868 p.
1104 2827 1166 2869 53)
1196 2826 1299 2860 caule
1327 2827 1433 2859 tereti
1453 2829 1595 2860 setaceo
1616 2828 1668 2859 in-

248 2884 447 2918 articulato
487 2884 729 2928 cartilagineo
767 2885 909 2918 alterne
934 2895 1092 2926 ramoso,
1118 2886 1229 2918 ramis
1256 2885 1469 2929 patentibus
1495 2885 1668 2928 simplici-
