1728 3110
104 124 119 164 1
137 123 221 163 ¹100
717 117 999 158 Rfflmonsstssffi.
1286 117 1611 162 Lenormandzssa.

95 258 266 299 scentes,
296 256 407 291 costa
438 247 721 302 longitudinali
753 259 967 298 pereursae,
1002 246 1116 283 venis
1148 257 1244 283 vero
1275 241 1611 282 transversalibus

95 320 312 365 destitutae,
350 317 600 368 marginibus
639 316 786 367 saepius
826 313 1115 365 integerrimae‚
1152 323 1258 349 nunc
1289 313 1465 354 sel-ratae,
1496 307 1611 359 apice

96 387 242 439 saepius
288 386 505 436 conspicue
551 383 813 434 emarginatae
853 385 893 419 et
929 379 1088 431 apiculo
1134 378 1173 416 in
1220 377 1344 415 fundo
1387 374 1611 425 emargina-

96 459 195 493 turae
239 454 459 498 instructae,
490 450 855 503 prolitieationibus
886 451 954 486 aut
991 460 1011 484 a
1050 445 1248 497 margine,
1286 447 1354 482 aut
1390 456 1412 480 a
1452 441 1612 493 pagina,

96 527 161 560 aut
193 535 215 559 a
247 524 356 559 costa
387 518 688 569 emergentibus
718 529 889 555 ramosae
921 518 961 552 et
990 512 1292 564 decompositae.
1333 510 1468 555 Costa,
1499 521 1614 546 venae

97 587 403 640 longitudinalis
435 585 685 624 tenuissimae
716 584 765 622 ad
797 583 935 628 instar,
967 592 1094 631 usque
1118 580 1168 618 ad
1192 579 1348 630 apicem
1367 577 1614 622 continuata,

97 657 193 707 quin
238 654 361 692 immo
407 653 448 691 in
493 651 688 691 fructibus
719 650 952 701 conspicua,
983 649 1171 687 deorsum
1210 647 1462 684 incremento
1503 643 1614 682 strati

97 721 299 762 corticalis
339 720 488 758 sensim
528 719 725 764 eminens,
769 719 930 756 demum
963 716 1002 753 in
1035 713 1244 759 senilibus,
1276 712 1426 751 lamina
1457 712 1615 750 detersa

96 794 164 828 aut
201 788 398 833 obsoleta,
438 787 478 825 in
519 786 673 824 caulem
718 785 857 837 phylla
887 781 1160 835 proliticantia
1193 780 1457 818 sustinentem
1489 782 1615 816 trans-

97 861 283 895 mutatur.
350 855 518 892 Fructus
556 866 646 891 raro
684 852 726 889 in
764 850 952 889 dentibus
990 847 1282 899 marginalibus
1320 845 1448 896 magis
1479 844 1616 882 evolu-

98 924 146 962 tis
186 924 247 966 (L.
290 922 556 973 marginata),
601 919 840 971 plerumque
884 917 924 954 in
970 915 1118 968 phyllis
1162 912 1505 966 proliticantibus‚
1551 915 1619 948 aut

100 1004 215 1030 unam
257 989 510 1042 potissimum
550 986 738 1039 paginam
778 992 843 1023 aut
884 989 1093 1033 utramque
1123 980 1427 1033 occupantibus,
1460 990 1565 1016 nunc
1596 991 1618 1014 a

98 1064 208 1097 costa
253 1070 360 1096 nuuc
403 1057 453 1095 ab
498 1056 585 1107 ipsa
616 1053 767 1092 lamina
798 1056 838 1090 et
868 1051 1030 1101 quidem
1062 1050 1112 1089 ab
1143 1047 1372 1086 interstitiis
1402 1046 1508 1084 inter
1537 1044 1617 1082 cel-

101 1128 200 1165 lulas
232 1129 394 1165 zonat-as
426 1122 741 1174 emergentibus,
773 1119 853 1157 siti.

210 1193 245 1231 A
263 1191 540 1230 subdivisione
561 1189 718 1227 cellula·
739 1186 978 1231 terminalis,
996 1185 1234 1236 plerumque
1258 1182 1298 1219 in
1325 1180 1485 1232 apiculo
1505 1178 1619 1217 brevi

100 1260 186 1311 (qui
227 1261 357 1312 ipsum
397 1258 563 1296 fundum
607 1255 916 1306 emarginaturae
955 1256 1143 1302 occupat)
1182 1249 1288 1295 sitae,
1326 1248 1618 1286 incrementum

101 1327 254 1366 frondis
292 1326 455 1378 pendet.
523 1324 735 1362 Divisione
774 1319 1033 1360 transversali
1071 1317 1230 1356 cellulae
1270 1313 1495 1353 terminalis
1525 1325 1620 1351 con-

100 1395 253 1433 tinuata
285 1392 397 1444 quasi
430 1392 586 1430 articuli
621 1388 865 1442 superpositi
898 1385 1127 1426 brevissimi
1158 1383 1353 1423 oriuntur.
1384 1381 1427 1419 In
1459 1393 1621 1431 quoque

101 1462 270 1501 articulo
310 1460 469 1499 cellula=
509 1471 627 1497 novae
659 1457 841 1496 oriuntur
872 1452 1149 1493 subdivisione
1180 1462 1295 1488 secus
1326 1447 1620 1499 longitudinem

103 1531 218 1568 sacta.
253 1529 451 1568 Constant
479 1527 616 1576 itaque
647 1524 805 1563 articuli
825 1507 1166 1560 infr-aterminales
1188 1517 1368 1555 seriebus
1386 1516 1620 1554 cellularum

102 1596 451 1640 transversalitms,
477 1606 643 1645 quarum
671 1592 817 1631 mediae
836 1589 1008 1639 cellulae7
1034 1588 1154 1640 paulo
1179 1584 1446 1637 angustiores,
1471 1586 1623 1622 costam

105 1663 455 1716 longitudinalem³
497 1661 682 1699 laterales
714 1659 841 1709 magis
871 1656 1077 1695 rhombeae
1109 1666 1229 1693 zonas
1261 1651 1426 1701 oblique
1457 1651 1622 1688 adscen-

105 1733 246 1771 dentes
292 1729 441 1768 sensim
487 1728 681 1766 efficiunt.
757 1726 800 1763 In
842 1723 1016 1773 juvenili
1059 1725 1172 1773 parte
1210 1733 1320 1759 zonae
1352 1732 1374 1756 a.
1406 1718 1624 1757 costalibus

105 1799 263 1837 cellulis
308 1796 502 1835 arcuatim
548 1807 686 1832 versus
731 1793 847 1831 lobos
894 1790 1204 1842 emarginaturae
1253 1786 1547 1825 adscendentes
1586 1789 1625 1822 et

106 1878 278 1917 superne
311 1867 604 1914 convergentes
636 1863 870 1905 cernuntur,
901 1858 1049 1896 sensim
1077 1857 1328 1894 increscente
1343 1848 1486 1905 'planta
1513 1864 1624 1890 zonae

107 1933 219 1984 quasi
267 1931 552 1983 expanduntur
590 1933 631 1966 et
666 1927 825 1965 cellulae
868 1924 1022 1964 frondis
1060 1921 1271 1961 adultioris
1301 1920 1421 1958 lineis
1450 1918 1572 1957 rectis
1602 1930 1623 1955 a

107 2005 218 2039 costa
255 2000 302 2038 ad
344 1997 568 2048 marginem
608 1995 774 2045 oblique
804 1991 1145 2032 adscendentibus
1176 1988 1385 2040 dispositae
1415 1986 1622 2037 adparent.

109 2069 171 2107 Ob
203 2068 372 2106 formam
404 2065 631 2116 regularem
669 2062 905 2101 rhombeam
938 2059 1062 2105 (4—43
1094 2064 1259 2109 gonam)
1292 2056 1527 2094 cellularum
1560 2067 1622 2092 zo-

109 2148 178 2173 nas
211 2133 359 2185 plantae
390 2131 551 2176 adalae,
589 2141 731 2167 revera
764 2132 804 2166 ut
835 2140 886 2165 ex
918 2139 1053 2164 earum
1094 2124 1252 2175 origine
1293 2126 1430 2174 pateat
1458 2121 1624 2159 adscen-

109 2203 264 2243 denteS,
302 2212 372 2238 seu
410 2197 704 2237 adscendentes
748 2208 817 2233 seu
851 2193 1145 2233 descendentes
1179 2189 1407 2233 ‹³'fr0ndem
1440 2188 1624 2226 decussa-

110 2271 182 2309 tim
214 2266 428 2307 lineatam77
466 2264 613 2317 Harv.)
654 2263 740 2301 fere
771 2262 906 2300 dicere
939 2261 1092 2298 liceret.
1152 2259 1277 2296 Zonae
1308 2256 1446 2306 itaque
1477 2253 1624 2292 consti-

112 2341 276 2376 tuuntur
306 2333 464 2373 cellulis
494 2328 951 2383 hexagono-1·liombeiS‚
982 2328 1022 2365 in
1054 2326 1198 2364 fronde
1228 2325 1347 2376 plana
1371 2334 1444 2374 per
1468 2320 1625 2359 unicam

111 2404 272 2448 seriem,
310 2403 359 2441 ab
392 2415 471 2440 uno
503 2400 551 2438 ad
583 2399 753 2436 alterum
787 2395 1008 2445 marginem
1041 2397 1265 2437 extensam,
1304 2388 1523 2441 dispositis.
1581 2387 1625 2424 In

113 2483 192 2508 una.
222 2469 358 2522 specie
388 2468 509 2506 nudae
540 2468 724 2513 manent;
755 2463 796 2501 in
828 2462 918 2500 aliis
949 2474 1045 2499 mox
1078 2463 1202 2497 strato
1226 2456 1408 2497 cortieali
1427 2455 1625 2495 obductae.

115 2537 290 2575 Stratum
330 2533 522 2573 corticale
561 2531 720 2570 cellulis
758 2528 981 2568 minoribus
1020 2527 1305 2570 constitutum,
1343 2523 1501 2562 cellulis
1541 2520 1626 2572 qui-

114 2604 282 2642 busdam
319 2601 440 2654 paulo
480 2599 713 2651 majoribus,
751 2597 801 2635 ad
839 2594 1056 2633 interstitia
1099 2593 1205 2631 inter
1241 2591 1408 2629 cellulas
1439 2600 1626 2627 zonarum

114 2670 319 2723 praecipue
358 2667 601 2719 conspicuis,
639 2665 750 2716 quasi
784 2667 951 2701 stratum
980 2659 1266 2698 intermedium
1296 2655 1575 2700 formantibus,
1605 2665 1627 2689 a

115 2738 273 2776 cellulis
299 2749 486 2775 zonarum
506 2738 724 2785 separatur.
756 2732 889 2782 Ipsam
906 2733 1058 2767 costam
1077 2729 1248 2778 occupat
1263 2724 1412 2762 cellula
1427 2720 1626 2765 centralis,

116 2805 211 2843 tubo
244 2803 412 2842 centrali
443 2801 742 2839 articulatarum
774 2797 967 2848 analoga:
998 2795 1102 2832 hanc
1127 2798 1297 2831 externe
1320 2791 1422 2842 tegit
1438 2787 1627 2828 corticale

118 2874 297 2915 stratum,
328 2869 448 2907 etiam
480 2868 521 2905 in
552 2865 688 2918 specie
719 2868 909 2903 caeterum
941 2860 1178 2909 ecorticata;
1209 2862 1332 2896 strato
1364 2854 1627 2896 cortic-alico-
