1728 3110
165 128 218 169 92
228 128 252 167 θ
775 119 1057 161 Rflonomffl.
1364 92 1679 174 Polysipssomta.

250 254 469 287 Hutchinsia
495 251 632 284 tenella
657 249 726 293 Ay.
753 248 776 282 Z.
802 257 830 282 c.

249 310 516 355 Polysiphonia
552 308 690 342 tenella
717 306 750 341 J.
780 306 848 350 Ay.
877 304 958 348 Aly.
996 302 1084 337 med.
1117 311 1157 345 p.
1191 302 1274 336 123!
1305 300 1418 336 Kit'ta
1444 301 1508 346 Sp.
1535 301 1617 347 Azy.
1638 312 1679 346 p.

157 372 234 404 805.

265 438 365 477 Hab.
397 437 444 475 ad
477 436 577 474 alias
607 434 733 487 Algas
764 434 805 472 in
836 432 936 471 mari
967 430 1162 471 adriatico
1195 434 1234 469 et
1266 430 1578 470 mediterraneo.

250 516 395 559 Caespes
423 517 485 548 vix
512 515 712 559 pollicaris,
745 524 887 547 roseus.
937 511 1016 545 Fila
1054 511 1232 554 primaria
1268 510 1530 543 decumbentia
1556 514 1592 543 et
1618 511 1679 543 de-

159 587 284 609 orsum
311 575 523 613 radicantia,
551 573 634 617 plus
660 574 784 605 minus
815 581 971 609 ramosa,
1014 579 1163 601 sursum
1202 569 1368 601 ramulos
1397 569 1604 610 vel-ficales,
1630 571 1681 603 ita

159 633 391 673 secundatos,
419 633 637 665 emittentia.
688 630 837 664 Ramuli
866 630 1011 662 ratione
1038 627 1309 670 magnitudinis
1340 627 1475 671 planta*
1501 631 1537 661 et
1563 629 1680 661 affini-

158 693 229 725 bus
256 693 478 735 comparatis
505 689 745 733 longiusculi,
770 687 907 721 15-30
931 686 1101 719 articulis
1138 687 1341 726 constituti,
1380 686 1568 730 simplices
1596 697 1681 720 acu-

159 750 321 783 tiusculi.
369 749 531 782 Articuli
558 750 595 781 in
622 748 684 781 filo
711 747 887 790 primario
923 745 1105 777 diametro
1132 744 1393 788 sesqui-duplo
1420 744 1617 787 longiores,
1643 747 1680 778 in

163 808 317 841 ramulis
349 810 435 840 sunt
472 806 678 839 adultiores
714 805 789 837 sere
827 814 930 847 aeque
970 802 1083 844 longi,
1121 803 1286 845 supremi
1324 802 1457 835 breves
1497 803 1680 836 diametro

162 867 322 911 aequales
349 868 384 898 et
410 866 612 898 breviores
662 864 830 897 Sectione
859 860 1102 894 transversali
1140 860 1217 893 vidi
1244 859 1419 904 siphones
1445 860 1559 893 9—10
1582 862 1682 905 peri-

161 924 355 957 centrales.
404 925 564 957 Fructus
591 932 663 955 non
691 920 778 953 vidi.

252 982 396 1022 Colore,
422 971 576 1014 ramulis
603 980 719 1023 duplo
747 977 991 1015 tenuioribus,
1017 978 1053 1009 at
1080 976 1315 1019 longioribus
1349 976 1598 1021 pluribusque
1625 988 1681 1010 ar-

162 1042 284 1074 ticulis
310 1042 532 1080 constitutis,
557 1041 595 1072 P.
625 1038 762 1071 tenella
787 1048 808 1070 a
832 1037 871 1069 P.
899 1035 1068 1075 secunda,
1093 1035 1185 1067 alias
1212 1036 1393 1078 proxima,
1415 1035 1679 1078 distinguatur.

160 1101 216 1133 An
245 1103 364 1133 tamen
392 1100 531 1142 species
564 1108 648 1130 vere
687 1097 859 1128 distincta
899 1095 956 1135 sit,
993 1094 1166 1127 dubitare
1206 1093 1302 1130 licet.
1340 1093 1524 1126 fructibus
1562 1094 1681 1127 adhuc

158 1160 306 1202 ignotis.
356 1159 393 1191 P.
419 1156 618 1201 pectinella.
643 1156 754 1188 Harv.
793 1153 913 1186 adhuc
952 1153 1069 1195 magis
1107 1154 1326 1196 propinqua,
1353 1153 1535 1185 tenuitate
1562 1156 1598 1185 et
1624 1164 1681 1186 ra-

159 1217 271 1250 mulis
296 1214 543 1258 longiusculis
569 1214 803 1252 conveniens,
841 1213 903 1244 vix
931 1212 1000 1243 nisi
1029 1210 1183 1243 ramulis
1222 1210 1482 1244 obtusioribus
1520 1211 1680 1244 diversa.

158 1334 195 1372 6.
226 1334 269 1373 Ρ.
300 1344 566 1372 FILIPENDULA
597 1331 735 1380 (Ham).
776 1327 910 1366 Ausa:
952 1327 1041 1375 Alf).
1079 1339 1141 1366 nso
1182 1326 1281 1377 193)
1328 1326 1533 1379 capillaris
1577 1339 1682 1366 nana

268 1399 346 1437 filis
377 1397 712 1437 decumbentibus
742 1395 1017 1434 radicantibus
1049 1393 1524 1446 decomposito-ramosis
1550 1406 1682 1432 ramu-

267 1467 398 1518 lisque
428 1465 681 1505 brevioribus
713 1463 941 1516 pectinatis,
973 1463 1089 1515 apice
1121 1475 1261 1514 parum
1292 1461 1524 1508 incurvatis,
1550 1475 1681 1500 ramu-

268 1535 317 1573 lis
361 1533 620 1573 verticalibus
664 1532 820 1571 bifariis
865 1531 1095 1570 secundatis
1135 1529 1369 1582 gracilibus,
1410 1530 1679 1569 adultioribus

269 1599 481 1651 elongatis,
513 1600 674 1638 demum
704 1598 887 1645 ramosis,
931 1597 1113 1636 articulis
1156 1597 1449 1649 10-siphoneis,
1480 1596 1682 1649 primariis

270 1667 417 1717 sesqui,
447 1666 691 1705 ramulorum
720 1665 834 1718 2-plo
853 1664 1071 1717 sub-triplo
1090 1664 1288 1703 diametro
1316 1664 1582 1715 longioribus,
1600 1663 1681 1702 fru-

270 1734 399 1773 ctibus
430 1762 439 1772 .
472 1763 479 1771 .
512 1762 521 1772 .

270 1813 372 1851 Hah.
404 1813 443 1851 in
463 1811 626 1851 Oceano
651 1811 814 1850 australi
832 1811 881 1849 ad
900 1811 1036 1849 littora
1053 1810 1181 1850 Novae
1198 1809 1430 1849 Hollandiae
1450 1808 1681 1860 (Harvey!).

254 1892 455 1931 Pollimris,
484 1893 663 1931 coccinea,
689 1890 824 1923 chartae
853 1890 1058 1923 adhauens.
1107 1889 1188 1924 Fila
1214 1890 1392 1934 primaria
1417 1889 1584 1921 crassitie
1605 1889 1682 1920 sere

163 1951 360 1995 capillaria,
397 1951 658 1984 decumbentia
683 1954 718 1982 et
745 1949 958 1984 radicantia.
984 1949 1067 1993 plus
1097 1950 1219 1982 minus
1258 1959 1414 1988 ramosa,
1454 1948 1684 1981 subrecurva

162 2011 264 2053 apice
290 2009 475 2041 levissime
502 2010 665 2049 incurva,
695 2018 842 2041 sursum
871 2009 915 2041 ad
943 2008 1158 2051 geniculum
1185 2008 1360 2052 quodque
1386 2006 1553 2039 ramulos
1568 2007 1681 2038 verti-

164 2067 259 2100 cales
284 2068 453 2100 bifariam
483 2067 664 2100 secundos
687 2066 797 2109 juxta
823 2068 963 2110 apicem
998 2067 1199 2107 breviores,
1238 2066 1445 2100 adultiores
1482 2065 1683 2108 longiores,

164 2137 261 2159 nunc
287 2127 324 2158 in
350 2126 547 2169 primarios
573 2128 610 2157 at
635 2125 903 2158 erectiusculos
945 2128 981 2158 et
1007 2136 1080 2158 non
1115 2125 1324 2158 radicantes
1361 2124 1550 2163 abeuntes,
1577 2124 1681 2155 emit-

164 2185 290 2217 tentia.
339 2183 488 2216 Ramuli
514 2184 703 2226 longiores
741 2183 831 2216 3—4
867 2184 984 2216 lineas
1024 2184 1138 2227 longi,
1174 2184 1258 2227 plus
1297 2194 1409 2227 quam
1445 2182 1489 2215 20
1514 2181 1682 2215 articulis

166 2243 368 2282 constituti,
394 2243 465 2275 filis
490 2242 678 2284 primariis
703 2242 818 2284 duplo
846 2243 1045 2283 tenuiores,
1070 2244 1173 2285 apice
1208 2239 1469 2275 obtusiusculi.
1519 2240 1682 2273 Articuli

164 2302 201 2334 in
239 2301 300 2333 filo
338 2301 516 2344 primario
554 2300 736 2332 diametro
774 2310 905 2342 parum
943 2300 1143 2343 longiores,
1180 2301 1218 2332 in
1256 2299 1411 2332 ramulis
1438 2298 1540 2342 2-plo
1566 2299 1681 2330 immo

166 2358 367 2402 sub-triplo
393 2358 593 2401 longiores,
619 2358 783 2400 supremi
810 2357 1040 2390 ramulorum
1067 2358 1220 2401 breves·⁷
1249 2358 1412 2390 sectione
1441 2355 1682 2389 transversali

166 2417 240 2449 vidi
267 2415 441 2459 siphones
467 2415 731 2459 pericentrales
755 2414 809 2456 10,
835 2417 970 2448 cortice
998 2416 1115 2449 nullo.

258 2474 317 2507 Ad
342 2475 380 2507 P.
408 2473 581 2506 tenellam
607 2474 778 2516 proxime
816 2474 965 2513 accedit,
1001 2475 1157 2507 ramulis
1183 2474 1436 2508 adultioribus
1463 2472 1574 2517 paulo
1600 2471 1680 2504 lon-

167 2533 335 2574 gioribus
372 2533 554 2576 przecipue
593 2532 737 2564 diversa
773 2534 809 2563 et
836 2532 959 2564 forsan
997 2533 1162 2575 apicibus
1200 2534 1318 2576 inagis
1356 2531 1679 2569 adscendentibus,

167 2591 264 2622 unde
291 2591 412 2622 minus
439 2591 540 2633 apice
566 2589 735 2622 radicans
762 2592 797 2621 et
824 2590 915 2621 rami
942 2589 999 2621 hic
1026 2590 1101 2623 illic
1135 2591 1372 2624 erectiusculi
1399 2590 1614 2629 obveniunt,
1640 2590 1678 2620 in

167 2647 302 2690 quibus
340 2648 461 2680 nullas
504 2647 689 2680 radiculas
727 2647 812 2678 vidi.
871 2646 951 2678 Nisi
988 2648 1025 2679 in
1063 2648 1189 2681 fructu
1229 2649 1464 2681 diversitates
1501 2647 1681 2685 adessent,

167 2705 204 2736 P.
230 2705 475 2747 pectinellam,
512 2706 550 2738 P.
585 2704 839 2748 filipendulam
879 2706 914 2736 et
940 2705 977 2736 P.
1006 2706 1181 2739 tenellam
1218 2706 1262 2739 ad
1301 2716 1413 2738 unam
1451 2705 1680 2748 eandemque

169 2763 324 2804 speciem
350 2763 561 2795 referendas
587 2773 666 2795 esse
694 2762 933 2805 conjiceremg
970 2764 1059 2806 quin
1099 2765 1214 2797 immo
1253 2764 1410 2797 dubium
1437 2763 1609 2796 videatur
1634 2774 1678 2795 an

168 2828 188 2849 a
212 2819 249 2850 P.
277 2819 436 2851 secunda
460 2820 534 2853 alio
559 2820 670 2853 modo
696 2820 852 2852 diversae
886 2821 960 2852 sint
985 2831 1025 2853 ac
1051 2821 1176 2854 multae
1202 2821 1282 2854 aliae
1308 2821 1436 2854 sormae
1463 2820 1679 2863 graciliores

171 2876 206 2907 et
232 2876 345 2920 magis
360 2875 573 2921 elongataea
592 2878 668 2910 suis
693 2877 961 2921 principalibus
990 2879 1304 2912 contractioribus
1319 2881 1355 2911 et
1367 2879 1484 2921 magis
1501 2878 1677 2911 robustis.
