1728 3110
125 104 141 142 4
154 102 178 142 Ο
187 104 209 144 5
221 102 243 142 6
740 100 1022 142 Ruonomsstm.
1325 104 1633 158 Polysiphonia.

206 228 330 270 Polys,
371 238 485 272 opaca
522 225 689 261 Zanard.
727 227 885 272 Synops.
917 239 959 273 10.
999 230 1058 264 63!
1097 229 1131 264 J.
1164 231 1231 275 Ay.
1266 231 1347 275 Alq.
1372 231 1462 266 med.
1483 241 1524 275 10-
1551 232 1633 266 1431

140 286 225 320 'itta
251 285 316 328 Sp.
345 285 427 330 Aly.
448 295 489 328 p.
517 287 602 320 810!

154 354 191 396 ὃ.
222 369 434 397 RAMULosA
469 357 613 396 fronde
651 359 804 409 maiore.
844 359 1003 397 inferne
1045 371 1165 411 parce
1195 360 1325 399 divisa
1355 359 1468 411 quasi
1499 358 1635 397 dicho—

225 428 348 471 toma,
386 437 559 477 superne
597 425 761 464 densius
797 427 1146 478 pinnato-ramosa
1183 427 1475 479 subfastigiata,
1514 426 1635 465 ramis

224 504 297 543 per
328 496 454 531 totam
486 492 782 544 longitudinem
815 493 905 545 plus
936 493 1068 532 minus
1098 494 1323 533 ramulosis.

205 571 427 605 Hutehinsia
452 572 640 605 ramulosa
670 571 738 615 Ay.
764 570 863 614 Syst.
891 571 973 615 Aly.
994 580 1035 614 p.
1064 572 1141 606 159.
1167 570 1232 614 Sp.
1258 571 1340 615 Alq.
1360 581 1401 614 p.
1427 572 1506 606 981!

206 630 329 673 Polys.
368 631 556 664 ramulosa
594 628 760 664 Zanarcl.
797 629 886 672 Syn.
916 640 956 673 p.
991 630 1059 664 63⁴?
1097 629 1129 664 J.
1156 630 1224 674 Ay.
1252 628 1334 674 ΑΖΗ.
1359 629 1449 664 med.
1468 639 1510 672 p.
1537 629 1635 663 1441!

115 684 228 721 Kutz.
254 687 319 730 Sp.
347 688 428 732 Alq.
449 697 490 731 p.
518 690 602 723 810!

226 769 328 809 Hab.
366 771 406 810 in
446 772 545 810 mari
586 772 782 811 adriatico
822 772 872 810 ad
909 771 1045 811 littora
1084 772 1297 810 Dalmatiae
1336 775 1376 809 et
1412 770 1563 822 Italiae3
1594 770 1635 809 in

116 838 414 878 mediterraneo
446 839 494 878 ad
527 839 665 878 littora
696 838 1054 891 Galloprovinciae.

206 929 351 972 Caespes
389 931 425 962 in
453 930 643 973 lapidibus
676 941 806 973 parum
840 930 1020 963 demersis
1054 930 1261 973 pulvinato-
1294 933 1357 962 aut
1390 928 1637 972 subgloboso-

113 999 309 1031 expansus,
337 989 527 1032 pollicaris
554 989 611 1021 vel
638 989 948 1032 314-1101licaris,
975 989 1131 1022 obscure
1154 999 1373 1033 purpureus,
1389 989 1636 1021 exsiccatione

114 1048 470 1091 fusco-nigrescens.
530 1048 610 1081 Fila
641 1059 661 1080 a
697 1048 809 1091 plexu
842 1048 992 1080 radicali
1028 1049 1295 1092 provenientia,
1321 1048 1463 1080 inferne
1490 1048 1638 1079 circiter

114 1110 267 1148 setacea,
300 1117 449 1139 sursum
487 1109 524 1139 at
567 1117 697 1150 parum
737 1110 937 1147 attenuata,
977 1118 1106 1139 revera
1142 1107 1322 1150 pinnatiin
1360 1105 1568 1145 subdivisa,
1601 1108 1638 1137 at

113 1166 225 1198 ramis
265 1165 507 1198 inferioribus
547 1176 641 1197 nunc
675 1165 956 1209 subuqualibus
995 1167 1101 1209 quasi
1128 1164 1351 1205 dichotoma,
1377 1175 1536 1208 superne
1563 1165 1637 1196 evi-

113 1226 262 1259 dentius
298 1227 479 1269 pinnatim
513 1226 947 1269 deeomposito—ramosa,
976 1226 1205 1270 ramulisquc
1237 1226 1454 1259 lateralibus
1490 1226 1639 1268 insuper

114 1286 270 1328 virgata.
344 1285 479 1318 {amuli
519 1285 671 1328 plurimi
711 1285 908 1328 simplices,
946 1285 1080 1317 lineam
1116 1287 1178 1317 aut
1210 1284 1283 1317 2an
1319 1284 1434 1327 longi,
1462 1286 1638 1327 patentes,
1679 1298 1681 1300 ·

112 1345 148 1376 iu
185 1343 311 1387 planta
336 1343 496 1385 juvenili
529 1344 604 1376 sere
639 1346 784 1376 tantum
819 1346 854 1376 in
891 1345 1084 1386 superiore
1112 1347 1215 1387 parte
1243 1344 1442 1387 conspicui,
1468 1344 1503 1375 in
1532 1342 1636 1375 adul-

114 1404 201 1435 tiori
234 1402 448 1435 inferiorem
483 1405 627 1446 partem
662 1413 853 1435 ramorum
888 1404 999 1435 ramis
1026 1403 1250 1435 denudatam
1280 1412 1427 1446 quoque
1455 1412 1637 1444 occupan-

114 1464 177 1501 tes,
211 1461 332 1494 multo
365 1461 566 1501 densiores,
589 1461 775 1503 juveniles
803 1461 1000 1493 fibrilliseri
1029 1464 1065 1494 et
1092 1462 1217 1495 obtusi
1246 1462 1433 1504 magisque
1460 1460 1637 1503 adpressi,

113 1520 310 1552 inferiores
337 1530 357 1552 a
383 1519 461 1552 basi
488 1521 669 1552 attenuati
697 1520 919 1552 acutiusculi
946 1524 982 1552 at
1009 1520 1211 1557 molliores,
1238 1531 1321 1553 raro
1343 1521 1495 1553 omnino
1518 1520 1637 1552 stricti

114 1578 176 1611 sed
205 1578 426 1622 plerumque
455 1578 587 1610 leviter
613 1578 711 1618 flexi,
741 1578 1061 1622 spharosporiseri
1089 1578 1307 1611 cochleatim
1337 1579 1435 1618 torti,
1462 1577 1637 1610 ramellos

114 1647 246 1681 paucos
284 1639 319 1668 et
358 1636 635 1680 sphwrosporas
680 1648 876 1670 verrucose
917 1640 1131 1670 extrorsum
1178 1637 1408 1681 prominulas
1456 1640 1636 1680 gerentes.

113 1696 274 1729 Articuli
303 1696 414 1728 medii
443 1696 626 1729 diametro
655 1697 927 1740 sublongiores,
955 1708 1053 1729 nunc
1081 1697 1412 1740 sesquilongfflres,
1440 1697 1636 1729 inferiores

114 1765 381 1798 ramorumque
408 1755 652 1799 subfequales,
681 1756 815 1788 intimis
843 1757 1105 1799 supremisque.
1134 1755 1382 1793 brevioribus,
1400 1766 1527 1788 omnes
1548 1755 1637 1788 den-

115 1814 259 1845 sissime
299 1815 425 1846 venosi
452 1817 487 1845 et
514 1814 682 1857 obscuri·7
724 1814 963 1847 transversali
997 1815 1160 1846 sectione
1193 1814 1267 1847 vidi
1304 1813 1481 1857 siphones
1509 1814 1636 1847 admo-

114 1871 202 1904 dum
236 1882 466 1910 numerosos,
498 1872 542 1904 20
569 1876 603 1904 et
630 1873 756 1916 plures
793 1874 993 1911 numeravi,
1020 1874 1117 1905 eirca
1143 1873 1345 1905 eentralem
1374 1874 1462 1916 ipsis
1489 1872 1636 1905 subma-
1670 1875 1671 1878 ’

108 1929 241 1971 ,ἱοι-ειῃ,
274 1931 408 1962 cortice
435 1930 559 1973 nullo·7
589 1932 622 1962 in
653 1932 766 1963 ramis
799 1931 1058 1974 superioribus
1087 1935 1171 1963 suut
1197 1942 1345 1974 quoque
1374 1931 1573 1970 numerosi,
1599 1933 1637 1962 at>

115 1988 307 2021 evidenter
346 1989 536 2031 pauciores
575 2001 683 2033 quam
724 1991 759 2022 in
800 1990 986 2032 primariis
1020 1990 1151 2033 ramis·7
1185 2000 1205 2021 a
1231 1990 1422 2032 superficie
1450 1989 1636 2022 observati

114 2048 150 2079 in
179 2046 335 2079 ramulis
363 2046 537 2089 siphones
564 2049 711 2080 circiter
737 2048 767 2088 8,
794 2048 835 2081 12
863 2052 898 2080 et
925 2048 1051 2091 plures
1080 2050 1115 2080 iu
1145 2049 1257 2080 ramis
1284 2048 1359 2080 fere
1378 2049 1636 2080 numerantur.

114 2103 330 2137 Keramidia
367 2105 404 2136 in
444 2105 570 2148 planta
608 2107 792 2139 strictiore
833 2107 876 2138 ad
916 2106 1082 2139 ramulos
1120 2106 1272 2146 sessilia,
1300 2105 1483 2148 juvenilia
1518 2108 1636 2143 ovata,

114 2163 303 2195 adultiora
330 2162 569 2205 subglobosa.
614 2164 745 2196 Planta
774 2164 983 2197 tibrillisera
1009 2169 1065 2197 est
1092 2166 1243 2198 onmino
1270 2165 1636 2207 griseo-fusccscens.

115 2222 332 2255 Substantia
358 2222 531 2263 firmiore,
560 2222 696 2255 chartae
724 2224 844 2255 minus
869 2228 968 2255 arcte
995 2223 1170 2256 adhaeret.

207 2281 360 2314 Formas
386 2280 513 2324 plures
540 2280 608 2312 hoc
636 2281 718 2314 loco
747 2281 932 2323 conjunxi¹
959 2293 1048 2325 quas
1077 2283 1241 2314 diversas
1269 2282 1408 2325 specics
1436 2283 1544 2313 antea
1572 2279 1636 2312 ha-

115 2339 288 2372 buerunt.
339 2339 524 2372 Differunt
562 2341 677 2382 magis
715 2344 866 2382 aspectu
906 2340 1070 2383 generali
1108 2351 1217 2383 quam
1257 2339 1544 2373 characteribus.
1599 2340 1636 2371 P.

116 2408 231 2442 opaca
269 2400 323 2430 est
363 2397 490 2441 planta
517 2399 690 2437 strictior,
728 2399 764 2429 ni
803 2398 913 2430 fallor
950 2402 1013 2430 aut
1051 2400 1167 2441 magis
1193 2398 1369 2440 juvenilis
1401 2400 1463 2431 aut
1489 2398 1635 2430 demum

116 2456 351 2500 eapsulisera,
388 2456 546 2500 ideoque
586 2458 613 2488 si
647 2455 824 2498 juvenilis
861 2457 1003 2489 ambitu
1043 2457 1159 2499 magis
1199 2456 1447 2500 pyramidata,
1487 2455 1635 2488 rachide

116 2525 239 2548 ramos
264 2514 408 2547 inferne
434 2514 624 2557 longiores
651 2525 810 2557 superne
839 2515 1029 2547 breviores
1059 2516 1368 2558 supereminente,
1395 2518 1431 2547 et
1453 2515 1636 2558 praecipue

116 2573 151 2605 in
191 2575 295 2615 parte
337 2573 529 2615 superiore
568 2572 721 2605 ramulis
759 2574 923 2615 virgata,
957 2574 985 2605 si
1026 2574 1256 2616 eapsulifera,
1294 2574 1507 2616 adspectum
1546 2583 1635 2605 eun-

117 2631 199 2663 dem
232 2631 307 2662 sere
346 2634 556 2669 conservat,
594 2631 746 2663 ramulis
783 2632 1063 2672 strictiuseulis,
1098 2631 1266 2674 plurimis
1299 2632 1447 2664 demum
1476 2632 1635 2664 kerami-

117 2688 219 2721 dium
247 2691 396 2721 ovatum
424 2692 488 2721 aut
514 2689 784 2732 subglobosum
812 2689 940 2721 sessile
968 2690 1196 2732 gerentibus.
1230 2690 1269 2722 In
1297 2689 1423 2732 planta
1448 2690 1635 2722 adultiore

118 2746 447 2791 sphaerosporisera
482 2748 572 2779 rami
606 2748 801 2780 inferiores
833 2747 1108 2790 prolongantur
1143 2749 1194 2780 ita
1223 2751 1261 2780 ut
1287 2749 1378 2779 rami
1405 2748 1481 2779 sere
1508 2757 1635 2780 omnes

118 2804 271 2837 eandem
315 2805 552 2837 altitudinem
595 2807 780 2848 attingant
818 2808 852 2837 et
889 2816 974 2848 pars
1019 2806 1172 2838 inferior
1216 2806 1437 2849 prolongata
1482 2806 1634 2838 ramulis

119 2864 356 2897 densioribus
390 2865 572 2897 instructa
605 2866 779 2898 cernitur.
835 2865 982 2897 Ramuli
1016 2866 1084 2908 ipsi
1113 2864 1433 2908 sphaerosporiseri
1462 2868 1547 2896 sunt
1573 2867 1635 2897 aut
