1728 3110
54 94 333 139 Sarcomenia,
662 89 943 132 RHODOMELEAE.
1443 90 1496 132 12
1506 93 1528 133 5
1540 91 1563 132 9

52 220 192 260 liolum
227 221 376 267 sterile,
408 224 514 269 orta;
546 218 586 257 in
618 220 694 258 1100
724 219 859 270 itaque
897 221 1076 272 obliqua,
1109 223 1288 273 ejusdem
1320 226 1432 275 parte
1462 223 1564 262 infe-

51 288 157 327 riore
204 288 459 340 pedicellata,
499 286 761 337 ejusdemque
792 287 906 338 apice
947 293 1208 340 permanente
1257 291 1468 336 calcarata,
1499 294 1568 328 aut

52 356 196 393 eodem
243 355 415 394 evanido
461 358 670 405 strumosa,
703 353 876 393 obovato
908 359 975 393 aut
1006 357 1327 408 ovato-globosa.
1386 357 1565 396 Pericar-

50 422 160 474 pium
206 422 245 460 in
298 422 511 474 speciebus
557 420 760 459 corticatis
816 426 973 459 constat
1013 423 1171 462 cellulis
1215 425 1565 475 angulato-rotun-

51 488 167 534 datis,
199 488 310 527 nullo
352 487 571 539 conspicuo
603 486 746 525 ordine
792 486 1019 538 dispositis;
1063 490 1103 528 in
1150 491 1362 542 speciebus
1393 503 1565 543 superne

55 555 285 594 ecorticatis
317 555 572 594 constituitur
602 554 783 592 seriebus
814 566 833 591 a
859 554 943 592 basi
977 568 1113 595 versus
1144 559 1457 609 carpostomium
1474 572 1565 610 por-

51 622 172 660 rectis
210 622 446 661 cellularum
477 620 799 660 transversaliter
830 621 1131 673 elongatarunn
1164 625 1479 675 carpostomium
1524 624 1565 663 in

50 689 137 741 ipso
170 688 285 740 apice
331 689 598 741 subdepresso
637 688 740 727 ostio
785 689 959 740 regulari
1004 690 1130 728 hians.
1189 691 1379 729 Placenta
1409 696 1567 730 constat

50 754 128 793 filis
159 755 208 793 ab
241 755 492 807 expansione
523 754 649 794 basuli
694 755 1027 806 provenientilnis
1057 757 1278 795 articulatis
1310 758 1565 810 di-polycho-

49 822 169 862 tomis
200 822 428 874 fastigiatis,
459 823 639 861 articulis
679 822 980 874 pyriformibus,
1027 824 1305 864 terminalibus
1347 826 1567 877 gemmidia.

49 888 286 941 pyriformia
316 889 560 928 foventibus.
622 889 821 928 Stichidia
851 902 873 926 a
904 890 1042 941 phyllo
1082 891 1336 942 prolificante
1375 892 1565 931 transfor-

49 959 168 1001 mata,
200 967 443 1007 compressa,
474 956 522 993 ad
571 955 740 994 sormam
774 956 1041 994 lanceolatam
1074 957 1295 1001 tendentia,
1325 958 1364 996 in
1397 958 1565 997 diversis

48 1022 260 1075 speciebus
292 1027 360 1061 aut
389 1024 517 1074 magis
548 1028 679 1069 ovata,
711 1027 778 1061 aut
808 1024 935 1075 magis
967 1024 1149 1072 linearia,
1177 1038 1197 1062 a
1217 1025 1320 1063 facie
1350 1030 1566 1078 conspecta

49 1088 251 1140 duplicem
283 1090 429 1128 seriem
461 1090 845 1142 sphaerosporarum,
877 1104 897 1128 a
916 1092 1098 1143 margine
1126 1093 1322 1144 singulam
1342 1097 1564 1132 monstran-

48 1157 123 1207 tia;
148 1157 347 1206 juvenilia
379 1157 694 1209 simpliciuscula
726 1170 798 1209 per
830 1162 954 1196 totam
976 1159 1267 1210 longitudinem
1294 1160 1564 1211 praegnantia;

48 1224 246 1263 adultiora
278 1228 392 1276 parte
424 1225 553 1264 folioli
588 1225 781 1264 inferiore
813 1226 961 1265 effoeto
993 1227 1244 1278 prolongata,
1262 1228 1500 1267 subincurva
1527 1231 1566 1266 et

48 1293 241 1331 interiore
273 1293 398 1331 latere
429 1307 533 1332 nova
566 1294 669 1331 serie
701 1293 979 1332 stichidiorum
1006 1296 1341 1346 instructa,quasi
1359 1307 1566 1335 racemosa

47 1365 116 1398 aut
145 1360 269 1398 immo
301 1360 542 1411 panniculata.
579 1360 776 1399 Stichidia
809 1361 974 1400 secundi
1008 1362 1159 1400 ordinis
1191 1374 1212 1399 a
1243 1362 1443 1413 prioribus
1473 1375 1564 1414 pro-

48 1426 255 1473 liticantia,
286 1427 389 1465 intra
421 1427 642 1479 marginem
678 1432 777 1474 orta,
796 1429 1103 1475 subsecundata,
1135 1429 1406 1467 descendente
1424 1429 1565 1468 ordine

47 1493 87 1531 in
120 1506 189 1531 sua
220 1494 384 1532 rachide
415 1494 588 1533 evoluta.
649 1495 954 1547 Sphaerosporae
987 1497 1025 1534 in
1059 1496 1227 1548 singulis
1272 1496 1465 1545 articulis,
1495 1509 1564 1535 seu

47 1561 86 1598 in
118 1564 231 1612 parte
275 1561 445 1600 articulo
491 1562 776 1613 respondente,
811 1563 917 1602 binae
949 1564 1146 1616 opposita·
1180 1563 1278 1606 (hoc
1315 1563 1435 1602 modo
1467 1564 1564 1602 duas

49 1627 174 1665 series
204 1627 522 1678 longitudinales
554 1627 810 1676 formantes),
837 1630 875 1668 in
895 1631 1052 1669 cellulis
1083 1630 1466 1670 infra-corticalibus
1497 1630 1565 1678 (si-

48 1693 251 1746 phonibus
282 1695 637 1747 pericentralibus)
670 1696 867 1743 formatae,
900 1697 1100 1749 triangule
1132 1697 1286 1736 divisae.
1326 1696 1565 1736 Antheridia

47 1773 126 1800 non
158 1761 254 1799 vidi.
455 1756 459 1761 ’

158 1829 295 1867 Genus
327 1831 524 1878 naturale,
566 1832 860 1871 ramiticatione
893 1832 1102 1884 peculiari,
1135 1831 1397 1870 consistentia
1428 1835 1468 1869 et
1497 1843 1563 1871 co-

47 1895 133 1934 lore
162 1894 318 1934 frondis
349 1902 464 1936 extra
495 1911 639 1950 aquam
658 1913 755 1939 mox
772 1904 935 1938 mutatae
960 1899 1133 1950 insigne,
1152 1903 1348 1937 structura
1364 1898 1563 1937 fructuum

48 1961 258 2000 evidenter
288 1964 337 2001 ad
370 1964 668 2005 Rhodomeleas
699 1967 920 2018 pertinens,
951 1967 1095 2018 Dasyae
1120 1967 1403 2005 nonobstante
1422 1966 1564 2005 fronde

47 2029 87 2067 in
119 2029 324 2068 nonnullis
369 2031 560 2070 continua
604 2034 848 2084 proximum.
910 2033 961 2072 Ut
991 2045 1136 2085 nempe
1167 2033 1297 2084 ipsum
1329 2045 1454 2084 genus
1484 2033 1562 2071 Da-

47 2109 142 2148 syae,
173 2095 229 2134 ita.
267 2096 530 2136 Sar-comenia
562 2100 718 2150 species
748 2101 926 2140 continet
957 2104 1039 2138 tum
1070 2100 1313 2146 articulatas,
1343 2104 1424 2138 tum
1456 2099 1561 2137 inar-

46 2164 232 2202 ticulatas
276 2164 448 2210 inferne,
496 2179 667 2218 superne
713 2167 957 2212 articulatas,
988 2172 1070 2205 tum
1102 2171 1204 2205 totas
1235 2166 1456 2205 continuas.
1515 2166 1560 2203 In

47 2230 268 2270 articulatis
298 2236 431 2270 autem
463 2234 674 2284 speciebus
705 2235 966 2273 articulorum
1009 2237 1204 2272 structura
1244 2232 1459 2284 peculiaris
1489 2245 1559 2271 no-

47 2302 127 2336 tam
159 2297 431 2336 distinctionis
457 2300 609 2350 praebet
628 2300 812 2349 facilem2
844 2301 883 2339 in
902 2300 1114 2352 speciebus
1131 2298 1331 2338 continuis
1349 2298 1561 2350 adspectus

47 2379 69 2403 a
98 2366 231 2416 Dasya
278 2365 398 2416 longe
441 2365 595 2404 alienus
640 2368 843 2406 diversum
888 2379 1014 2418 genus
1056 2379 1151 2404 mox
1197 2365 1342 2417 prodit.
1400 2364 1445 2403 In
1482 2378 1561 2403 una

47 2432 183 2484 specie
201 2431 347 2470 adsunt
363 2432 444 2478 fila,
464 2433 638 2472 ramulos
655 2433 904 2473 mollissimis
922 2432 1125 2484 penicillis
1144 2431 1407 2481 obducentia;
1440 2432 1559 2470 modo

49 2499 123 2536 1100
157 2510 318 2548 quoque
350 2498 518 2550 Dasyae3
551 2504 590 2538 at
620 2500 659 2538 in
692 2500 781 2539 aliis
799 2499 1011 2552 speciebus
1042 2499 1128 2536 haec
1173 2498 1351 2537 nondum
1382 2497 1557 2549 cognita.

158 2564 285 2612 Quale
316 2577 442 2615 genus
473 2566 522 2604 ab
552 2571 715 2606 auctore
761 2566 1009 2605 intellectum
1048 2565 1133 2610 fuit,
1165 2564 1283 2614 quale
1314 2563 1398 2602 fere
1428 2563 1559 2602 adhuc

47 2644 70 2669 a
99 2631 259 2682 Harvey
293 2631 549 2683 intelligitur,
580 2634 661 2672 tale
686 2634 736 2673 ab
768 2634 859 2672 idea
876 2631 1036 2683 generis
1052 2631 1129 2669 hoc
1145 2631 1234 2669 loco
1251 2630 1448 2682 propositi
1478 2643 1559 2669 non

46 2711 185 2749 parum
218 2698 423 2738 abludere.
456 2699 585 2750 primo
617 2700 801 2752 inspectu
840 2698 999 2736 cuidam
1029 2697 1243 2736 videbitur.
1303 2696 1469 2748 Species
1499 2702 1556 2735 ta-

47 2776 139 2802 men
172 2776 324 2810 omnes,
356 2778 378 2801 a
409 2779 472 2802 1116
503 2766 551 2804 ad
583 2779 709 2818 genus
754 2766 911 2810 relatas,
958 2764 1088 2802 eidem
1134 2763 1337 2815 pertinere
1380 2763 1554 2803 confido.

46 2831 206 2881 Harvey
237 2830 323 2882 ipse
356 2830 395 2868 S.
429 2831 689 2883 Dasyoidem‚
720 2832 924 2871 mediante
955 2829 995 2868 S.
1026 2829 1266 2882 Hypneoide
1297 2841 1386 2867 cum
1418 2829 1458 2869 S.
1475 2831 1554 2868 De-
