1728 3110
119 99 142 140 8
152 100 176 141 9
185 99 211 140 4
732 96 1013 139 RHODOMELEAE.
1364 100 1627 144 Odonthalia.

119 229 156 267 1.
187 228 263 266 OD.
294 239 573 266 CORYMBIFERA
603 225 706 277 (Gne.
737 228 836 265 Hisz‘.
868 228 960 266 ΕΜ.
983 240 1024 275 p.
1056 226 1151 276 124)
1183 225 1469 266 frondeabasi
1492 226 1627 278 plana,

224 293 378 331 alterne
416 293 954 346 decomposito-pinnatifida
993 294 1252 347 pinnulisque
1282 292 1507 332 minoribus
1538 291 1625 330 fim-

224 360 365 408 briata,
412 365 523 401 costa
564 362 750 402 subnulla
788 367 856 401 aut
890 363 1002 401 tenui
1044 363 1221 401 medium
1258 361 1434 400 rachidis
1464 372 1627 412 percur-

222 431 337 466 rente
374 441 529 467 sursum
574 433 854 475 evanescente,
886 429 1045 468 laciniis
1076 428 1401 475 dentiformffius,
1432 428 1628 468 fructibus

223 495 263 533 in
302 495 436 547 pinnis
475 497 765 548 marginalibus
805 497 1088 537 ciliiformibus
1126 495 1389 548 eorymbosis,
1428 495 1627 535 stichidiis

223 562 468 601 fasciculatis
499 564 852 603 ovali-lancoideis
882 564 1161 613 subtorulosis‚
1200 563 1436 602 keramidiis
1466 562 1507 602 in
1537 563 1625 616 pin·

221 631 317 669 nula
345 631 553 672 sessilibus
584 633 796 671 calcaratis
828 633 968 672 ovatis.

204 723 326 755 Fucus
353 722 624 765 corymbiferns
651 720 729 755 Gm.
757 722 779 755 l.
805 731 833 755 c.
860 722 931 755 tab.
966 723 1002 756 9!

204 780 400 814 Atomaria
426 781 673 824 corymbifera
698 778 822 822 Rapo:
850 780 931 823 Azy.
965 779 1084 814 Ochot.
1104 789 1145 822 p.
1173 780 1250 813 21u

205 838 429 872 Odonthalia
454 839 614 873 Gmclini
641 837 740 871 Post.
767 841 799 871 et
823 837 945 881 Rupr.
972 838 1118 872 Illustr.
1140 848 1180 881 p.
1208 838 1251 871 14
1279 837 1339 871 tab
1367 835 1588 870 XXVIII!!

222 919 324 959 Hab.
369 919 410 958 in
457 920 620 959 Oceano
665 920 840 959 Pacifico
885 920 1042 960 boreali
1085 920 1134 959 ad
1178 920 1289 959 littus
1326 919 1626 958 Kamtschatkae

117 987 321 1037 (Museum
354 988 740 1040 Petropolitanum!)

205 1079 327 1112 Radix
360 1079 556 1112 frondibus
590 1079 762 1123 pluribus
796 1081 1002 1112 communis
1035 1079 1230 1112 discoidea.
1280 1078 1447 1113 Frondes
1474 1079 1630 1120 semipe-

113 1138 223 1178 dales,
252 1138 324 1179 iam
350 1147 371 1170 a
395 1138 474 1171 basi
500 1138 618 1182 planae
645 1141 680 1171 et
708 1138 818 1181 ¹s2—1
843 1140 978 1172 lineam
1006 1140 1098 1179 lata‘,
1126 1139 1257 1172 nullibi
1285 1141 1444 1178 costatae,
1471 1147 1629 1181 superne

112 1197 351 1230 latitudinem
384 1197 566 1230 linearum
608 1198 763 1230 duarum
798 1208 891 1241 saepe
924 1198 1178 1240 adipiscuntur
1211 1196 1285 1239 (Ita
1316 1198 1414 1231 Post.
1447 1199 1482 1229 et
1515 1199 1631 1241 Rupr·

112 1256 137 1288 l.
171 1260 232 1296 c.)‚
272 1256 455 1299 pinnatim
489 1255 751 1299 decompositae
785 1259 820 1288 et
851 1260 1031 1299 praterea
1063 1266 1083 1288 a
1117 1257 1281 1298 margine
1317 1257 1441 1300 pinnis
1479 1256 1630 1289 minori-

112 1316 182 1348 bus
218 1315 300 1358 plus
330 1316 450 1347 minus
477 1315 590 1347 dense
616 1315 887 1358 adproximatis
913 1315 1116 1348 fimbriata.
1166 1316 1291 1348 Pinnae
1319 1315 1398 1348 basi
1430 1317 1630 1348 attenuatae

113 1373 539 1413 subcuneato-lineares,
566 1375 667 1417 apice
694 1373 1038 1406 ssabellato-incisa‘.
1095 1373 1259 1406 Pinnula³
1292 1374 1533 1406 dentiformes
1565 1376 1628 1406 aut

113 1434 230 1476 magis
263 1432 451 1465 subulaiae.
508 1434 666 1466 Fructus
694 1434 731 1466 in
759 1434 881 1476 pinnis
909 1432 1177 1475 marginalibus
1204 1432 1466 1465 ciliiformibus
1493 1434 1528 1464 et
1556 1435 1629 1464 ter-

116 1491 314 1524 minalibus
341 1492 453 1523 dense
479 1493 672 1534 aggregati
700 1491 1016 1534 sub-corymbosi.
1068 1490 1248 1524 Stichidia
1274 1502 1294 1523 a
1318 1491 1483 1534 pinnulis
1511 1494 1630 1523 trans-

112 1549 281 1582 formatis
321 1552 416 1589 orta,
454 1551 490 1582 in
529 1549 679 1582 rachide
719 1550 934 1582 abbreviata
971 1550 1196 1589 fasciculata,
1238 1550 1456 1583 brevissima
1492 1549 1629 1582 lineam

112 1608 211 1641 haud
238 1608 350 1651 longa
376 1611 411 1640 et
438 1608 619 1641 diametro
647 1609 709 1640 vix
738 1608 851 1651 triplo
877 1608 1059 1651 longiora,
1087 1609 1264 1652 utrinqne
1291 1611 1492 1649 attenuata,
1506 1608 1629 1641 medio

113 1667 258 1707 fertilia,
297 1666 565 1710 sphaerosporis
604 1666 826 1709 prominulis
865 1676 1069 1704 verrucosa,
1102 1677 1122 1699 a
1157 1667 1248 1699 facie
1281 1667 1468 1710 duplicem
1496 1668 1628 1699 seriem

115 1724 459 1768 sphaerosporarum
498 1726 755 1757 monstrantia.
810 1725 1023 1757 Keramidia
1056 1726 1092 1757 in
1126 1726 1238 1768 pinna
1272 1727 1415 1758 minuta
1439 1726 1541 1768 apice
1567 1735 1629 1768 ag-

115 1786 276 1826 gregata,
314 1785 352 1815 in
391 1783 547 1827 pinnula
588 1783 735 1826 singula
773 1783 925 1823 scssilia,
962 1783 1040 1825 ejus
1076 1784 1154 1816 basi
1192 1784 1414 1827 pedicellata
1451 1785 1629 1828 apiceque

115 1842 304 1882 calcarata,
341 1843 421 1884 ipsa
458 1845 582 1881 ovata,
620 1852 683 1874 ore
721 1844 922 1874 contracto.
988 1843 1156 1875 Seetione
1198 1843 1435 1876 transversali
1468 1845 1627 1875 stratum

113 1901 281 1939 interius,
320 1901 383 1932 vix
422 1900 592 1933 cellulam
630 1900 842 1939 centralem,
882 1900 1092 1933 discernere
1120 1900 1227 1945 licct3
1260 1904 1418 1934 stratum
1454 1901 1629 1934 corticale

115 1959 351 1991 circumcirca
376 1959 451 1990 sere
477 1969 579 2001 aeque
607 1958 819 2001 evolutum·7
853 1959 890 1991 in
916 1961 1020 2002 parte
1056 1960 1248 2002 superiore
1277 1959 1420 1992 frondis
1448 1961 1629 1992 tenuioris

115 2019 273 2049 stratum
311 2017 508 2053 internum,
546 2020 655 2049 costae
697 2016 743 2049 ad
785 2017 902 2048 instar
944 2018 1136 2057 tenuioris,
1176 2015 1414 2061 translucens]
1452 2019 1628 2050 cernitur.

114 2074 252 2108 Axillae
290 2074 529 2117 pinnularum
566 2076 682 2118 magis
721 2075 928 2108 rotundatae
966 2086 1076 2119 quam
1107 2077 1144 2109 in
1176 2077 1369 2119 proximis.
1427 2076 1539 2110 Color
1566 2087 1629 2109 ex-

117 2134 257 2165 siccatae
293 2134 507 2175 nigrescens
547 2136 583 2165 et
621 2133 828 2166 substantia
866 2134 980 2166 firma.

207 2192 353 2234 Species
386 2191 480 2224 bene
513 2191 695 2232 distincta,
733 2191 821 2224 olim
860 2202 943 2223 cum
984 2192 1066 2224 aliis
1103 2192 1268 2225 confusa.
1331 2193 1486 2233 Gmelin,
1524 2193 1628 2235 cujus

118 2249 245 2283 tabula
278 2249 442 2293 plantam
477 2253 532 2282 sat
564 2249 656 2282 bene
691 2250 876 2292 exprimit,
910 2260 995 2282 cum
1023 2251 1142 2293 specie
1169 2251 1330 2294 quadam
1356 2251 1628 2283 mediterranea

117 2318 241 2341 veram
273 2308 452 2340 confudit.
513 2308 554 2341 In
594 2308 793 2351 Speciebus
831 2307 1011 2349 Agardhii
1050 2309 1168 2341 Fucus
1209 2310 1465 2342 scmicostatus
1505 2310 1627 2348 Mert„

116 2377 185 2410 pro
224 2367 344 2410 specie
385 2366 618 2399 Gmeliniana
654 2365 812 2405 habitus,
849 2366 1035 2398 adnnente
1066 2367 1265 2399 Mertensio
1298 2369 1340 2399 ut
1364 2367 1515 2410 adparet
1541 2367 1623 2406 (cfr.

117 2427 232 2469 Rupr.
258 2425 281 2458 l.
312 2436 339 2458 c.
366 2436 399 2468 p.
426 2425 489 2465 22)
516 2425 583 2457 sub
610 2425 759 2457 nomine
784 2423 852 2457 Rh.
880 2425 1137 2467 corymbiferae
1164 2425 1400 2458 describitur.
1438 2424 1627 2468 Ruprecht

119 2484 285 2527 plantam
313 2486 349 2516 et
376 2483 635 2527 synonymiam
661 2482 878 2514 illustravit.

118 2578 156 2617 2.
187 2578 234 2617 O.
265 2578 430 2616 LYALLH
459 2577 597 2626 (Harma.
626 2578 750 2623 mser.)
781 2574 925 2613 fronde
955 2587 978 2611 a
1009 2574 1093 2613 basi
1124 2575 1256 2626 plana,
1288 2574 1441 2611 alterne
1467 2574 1627 2612 decom-

229 2643 643 2696 posito-pinnatifida,
696 2646 805 2680 costa
851 2641 1037 2679 subnulla
1080 2645 1147 2679 aut
1189 2654 1287 2679 mox
1330 2654 1449 2692 supra
1490 2641 1628 2679 basem

230 2715 511 2757 evanescente,
548 2709 726 2762 pinnulis
763 2709 802 2746 in
841 2707 1006 2746 rachide
1043 2707 1188 2746 lineari
1226 2707 1390 2746 alternis
1421 2707 1627 2753 subulatis,

231 2777 374 2816 mediis
404 2777 540 2830 pinnae
570 2777 610 2814 in
640 2774 865 2814 keramidia
896 2779 1012 2812 ovata
1050 2773 1281 2813 subsessilia
1312 2773 1535 2812 ecalcarata
1564 2786 1624 2811 ra-

230 2856 391 2883 cemose
424 2842 619 2895 disposita
647 2841 900 2887 abeuntibus,
931 2840 1141 2880 stichidiis.
1174 2870 1183 2880 .
1215 2870 1224 2879 .
1255 2870 1264 2880 .
