1728 3110
82 100 330 144 Laurence'a.
732 102 960 144 Cnoxmuaffi.
1504 104 1529 142 7
1538 103 1591 143 61

170 231 277 265 Frons
318 232 607 275 4—5-pollicaris
648 234 806 266 crassitie
834 233 903 266 fere
937 244 1060 276 pennae
1088 234 1309 277 columbinae,
1336 235 1370 266 at
1394 241 1597 274 compressa

80 293 115 323 et
140 291 381 335 canaliculata,
412 292 602 324 canalicula
630 289 673 323 ob
701 292 890 324 tersionem
919 295 1034 326 tamen
1061 295 1174 327 minus
1203 295 1405 336 conspicua.
1453 292 1549 324 Rami
1580 299 1597 322 a

79 351 233 389 margine
267 358 385 382 crasso
419 351 629 392 proveniunt
661 352 695 382 et
721 350 766 381 ita
795 359 913 382 revera
940 351 1078 384 distichi
1108 353 1171 384 sed
1197 361 1277 385 mox
1305 360 1410 394 supra
1435 352 1597 392 paginam

78 407 342 440 canaliculatam
373 410 650 452 corwergentes,
688 406 836 449 majores
871 410 1048 452 patentes,
1089 411 1239 442 minores
1276 410 1598 451 erecto-adpressi‚

79 474 199 497 omnes
226 469 281 498 sat
306 467 541 506 irregulariter
568 467 719 508 oppositi
747 469 805 498 aut
831 465 903 498 fere
930 468 1024 509 vagi,
1052 477 1146 499 ramo
1173 468 1292 509 majori
1320 477 1337 500 e
1365 470 1505 509 regione
1532 468 1599 500 mi-

77 525 171 556 noris
211 532 305 564 saepe
344 525 474 565 posito,
511 542 555 547 —-
593 525 676 556 rami
716 525 867 556 minores
896 525 1036 557 ramulis
1064 525 1270 558 densissime
1301 526 1417 558 obsiti.
1465 525 1599 558 Remuli

77 583 149 615 fere
176 584 403 615 circumcirca
430 584 612 624 provenire
638 583 810 626 videntur,
837 592 854 615 a
881 583 956 615 basi
989 583 1111 616 latiore
1138 593 1258 625 parum
1288 586 1455 617 attenuati
1483 584 1598 617 obtusi

80 642 270 684 compressi
297 643 468 684 patentes,
495 642 572 673 flexi
601 644 634 674 et
660 641 920 684 subdivaricati,
954 642 1131 684 simplices
1159 644 1217 674 aut
1243 643 1307 684 ipsi
1335 643 1485 675 ramellis
1513 651 1599 674 con-

79 684 247 732 formibus
275 700 398 741 obsiti,
424 700 584 741 sporiferi
612 701 738 732 eximie
766 700 990 733 verruculosi.
1041 700 1142 733 Color
1169 702 1356 733 exsiccatae
1384 700 1599 744 fuscescens,

79 757 283 790 madefactae
310 759 437 791 virens.
487 758 686 791 Substantia
714 758 1018 799 subcartilaginea.

171 815 316 858 Species
343 819 398 850 sat
423 816 588 849 distincta
614 817 761 859 videtur,
788 818 822 848 at
845 825 937 857 {egre
953 817 1160 849 delinienda.
1193 816 1462 849 Ramiticationis
1481 826 1601 850 norma

77 876 111 907 in
145 876 321 907 exsiccata
359 875 474 916 planta
515 884 637 916 parum
674 876 881 917 perspicua,
919 878 1085 918 nostram,
1111 884 1173 917 per
1206 876 1323 917 plures
1350 876 1424 908 dies
1451 876 1483 907 in
1512 885 1599 917 aqua

78 935 250 965 servatam
286 933 469 974 descripsi.
522 932 738 966 Ramificatio
772 942 892 965 revera
926 933 1074 966 disticha
1113 933 1260 976 videtur,
1295 934 1377 967 licet
1403 935 1487 967 rami
1514 944 1601 968 con-

77 993 261 1032 vergentes
288 993 323 1023 et
348 991 469 1024 ramuli
496 999 778 1033 quoquoversum
806 992 1027 1033 egredientes
1055 992 1258 1035 adpareant.

76 1127 137 1167 22.
170 1132 201 1168 L.
233 1132 443 1168 Conoxorus
476 1130 529 1175 (J.
571 1131 634 1178 Ay.
673 1133 810 1178 mser.)
853 1130 986 1168 fronde
1019 1130 1258 1168 teretiuscula
1292 1141 1601 1179 quoquoversum

188 1199 595 1247 fasciculam-ramosa,
627 1199 739 1236 ramis
771 1198 937 1235 fasciculi
969 1197 1197 1236 verticillatis
1229 1202 1291 1235 aut
1322 1198 1601 1235 collateralibus

185 1267 370 1316 plurimis,
401 1266 481 1303 aliis
511 1266 815 1314 simpliciusculis
846 1266 1215 1315 elongato-clavatis,
1246 1265 1326 1302 aliis
1343 1276 1453 1314 supra
1473 1265 1601 1302 basem

187 1335 398 1381 elongatam
438 1333 577 1370 nudam
615 1333 772 1370 disticlie
812 1337 848 1371 et
878 1334 1020 1371 alterne
1052 1333 1226 1383 pinnatis,
1258 1332 1422 1381 pinnulis
1453 1333 1600 1370 clavatis

187 1401 380 1450 truncatis,
412 1401 607 1438 fertilibus.
641 1433 648 1440 .

187 1480 274 1518 llab.
306 1480 343 1517 in
375 1480 467 1516 mari
500 1479 613 1527 Nigro
646 1480 691 1517 ad
724 1479 822 1517 littus
853 1480 996 1518 Tauriae
1029 1480 1115 1527 (ab.
1147 1481 1228 1528 Ag.)

167 1556 336 1599 Caespites
376 1557 685 1600 li-G-pollicares,
724 1558 756 1589 in
796 1558 914 1598 stipite
952 1558 1160 1599 Cystoseirze
1199 1556 1355 1590 barbatae
1390 1557 1600 1599 parasiticse.

76 1614 230 1647 Frondes
259 1616 418 1647 crassitie
445 1615 517 1646 fere
544 1624 668 1656 pennae
695 1614 919 1657 columbiuae,
946 1618 1086 1659 teretes,
1115 1615 1343 1648 subindivisoe
1371 1618 1405 1648 at
1424 1615 1601 1648 fasciculis

77 1682 250 1706 ramorum
282 1674 512 1705 circumcirca
548 1673 799 1714 pullulantibus
827 1673 935 1705 dense
963 1673 1097 1717 obsitae,
1125 1675 1158 1706 in
1186 1675 1320 1715 apicem
1348 1675 1453 1706 ramis
1481 1675 1601 1706 cousi-

77 1732 193 1764 milem
219 1733 458 1763 excurrentes.
508 1730 679 1764 Fasciculi
706 1733 812 1764 ramis
838 1732 927 1764 3-S
954 1734 1135 1774 constant3
1163 1734 1246 1765 rami
1274 1732 1429 1774 ejusdem
1445 1731 1600 1765 fasciculi

75 1799 168 1823 nunc
195 1798 317 1822 omnes
344 1789 573 1832 collaterales,
604 1799 695 1823 nunc
722 1791 946 1831 irregularius
972 1791 1248 1834 subverticillati,
1276 1791 1498 1823 aliiminores
1514 1792 1601 1823 sim-

75 1848 185 1889 plices
225 1845 564 1890 ¹s2——t-pollicares,
610 1849 665 1880 alii
705 1848 853 1890 majores
890 1850 1023 1890 pinnati
1064 1850 1378 1892 4—2-pollicares,
1424 1849 1600 1882 rachidem

75 1906 214 1947 planam
253 1906 343 1938 cauli
382 1906 615 1939 advertentes.
676 1907 771 1939 Rami
813 1917 934 1940 omnes
960 1907 1036 1940 basi
1070 1909 1296 1951 teretiusculi,
1323 1909 1517 1941 crassitiem
1545 1909 1599 1940 vix

75 1971 201 2005 pennas
236 1964 429 2005 passerinae
462 1966 653 2006 aequantes,
681 1975 818 1998 sursum
845 1967 975 1998 sensim
1002 1967 1203 2009 sensimque
1230 1968 1413 1999 incrassati
1440 1969 1475 1999 et
1503 1975 1601 1999 com-

75 2022 201 2065 pressi,
228 2022 379 2054 minores
406 2023 614 2063 simpliciter
640 2024 776 2065 clavati,
805 2023 953 2065 majores
981 2033 1085 2066 supra
1111 2025 1262 2057 medium
1291 2025 1342 2056 vel
1370 2026 1485 2066 potius
1512 2023 1600 2057 infra

78 2080 213 2121 apicem
238 2081 384 2124 pinnati,
411 2080 487 2114 basi
513 2081 594 2114 nudi
623 2084 681 2114 aut
706 2091 800 2115 ramo
828 2083 1001 2115 consimili
1028 2082 1080 2115 x‘el
1108 2084 1212 2116 immo
1241 2083 1409 2116 fasciculo
1427 2091 1600 2115 ramorum

77 2138 193 2170 obsiti.
254 2137 371 2171 Pinnae
410 2147 583 2172 ramorum
620 2139 709 2172 ⁵2-AE
735 2141 844 2173 lineas
883 2141 1007 2184 longa»,
1035 2141 1190 2184 clavatae,
1219 2144 1401 2184 truncatae,
1430 2140 1599 2182 disticliae,

78 2196 230 2240 alternae,
272 2199 585 2239 erecto-patentes,
620 2207 718 2230 coma
751 2198 851 2239 longa
884 2200 1020 2231 filorum
1055 2201 1340 2232 tenuissimorum
1377 2200 1425 2240 (in
1452 2200 1599 2237 nostris)

78 2255 264 2287 terminati.
314 2255 415 2287 Color
441 2264 650 2298 purpureus.
677 2255 878 2290 Substantia
905 2258 1014 2290 firma.
1041 2258 1175 2291 Cliartae
1203 2258 1258 2290 vix
1284 2257 1449 2290 adbaeret.
1476 2255 1600 2288 Nostra

77 2313 269 2353 specimina
297 2313 440 2345 sterilia.

170 2370 331 2413 Speciem
358 2371 618 2405 ramisicationis
644 2382 762 2406 norma
789 2375 957 2416 peculiari
985 2374 1172 2407 admodum
1192 2375 1364 2414 insignem
1386 2375 1481 2415 puto.
1509 2371 1599 2412 Spe-

79 2429 205 2461 cimina
238 2429 433 2462 madefacta
468 2428 556 2462 bene
592 2432 814 2475 reviviscunt,
848 2433 893 2464 ita
927 2434 964 2464 ut
999 2431 1221 2464 characteres
1257 2432 1377 2463 allatos
1414 2430 1598 2463 admodum

78 2487 259 2520 evidentes
297 2488 376 2520 vidi.
437 2487 637 2521 Fasciculos
664 2499 838 2522 ramorum
865 2499 881 2522 a
910 2489 1031 2522 fronde
1059 2490 1141 2522 laesa
1169 2492 1203 2521 et
1229 2491 1363 2521 vetusta
1388 2488 1598 2529 pullulantes

79 2545 106 2577 si
139 2547 215 2587 quis
253 2546 424 2589 crederet,
459 2545 665 2579 observasse
698 2547 806 2591 lubet,
834 2547 981 2580 eandem
1009 2547 1296 2579 ramiticationem
1322 2547 1356 2577 in
1382 2547 1485 2578 ramis
1512 2547 1598 2588 ipsis

77 2604 299 2637 inchoantem
325 2613 380 2636 me
406 2604 547 2636 xidisse.

77 2727 140 2768 23.
170 2731 203 2767 L.
236 2739 383 2768 nimum
417 2730 530 2776 (Dec.
566 2730 625 2769 Fl.
659 2732 723 2770 Fr.
757 2730 806 2768 II.
835 2743 871 2780 p.
905 2730 974 2776 30)
1006 2730 1141 2768 fronde
1174 2729 1412 2767 teretiuscula
1441 2729 1598 2767 ‹listiclie

186 2797 647 2849 decomposito-pinnaia,
693 2799 816 2848 pinnis
863 2799 898 2835 in
945 2797 1094 2835 racliide
1138 2798 1262 2834 stricta
1308 2797 1493 2846 oppositis
1537 2801 1600 2835 aut

189 2865 323 2914 saepius
353 2865 508 2903 alternis
539 2866 765 2916 patentibus,
795 2864 1037 2903 inferioribus
1068 2864 1314 2915 prolongatis,
1338 2864 1598 2913 superioribus
