1728 3110
74 136 126 182 W
122 135 325 194 ranyelia.
688 129 966 172 WRANGELOEAE.
1495 123 1552 163 70
1561 124 1587 163 3

65 273 233 312 numeris
285 271 431 319 cognita
478 270 516 304 ut
560 266 607 303 de
652 264 831 302 allinitate
877 262 965 311 quid
1013 260 1103 297 certi
1156 261 1321 296 statuere
1373 257 1589 294 audeamus.

65 342 252 380 Gelidium
290 344 326 376 et
365 335 577 377 Naccariam
625 333 662 370 in
702 332 862 369 eandem
902 329 1043 367 seriem
1073 329 1198 366 forsan
1230 327 1365 364 melius
1395 324 1592 372 conjunxit

67 410 253 458 Rupreclit
285 407 405 454 (Syst.
438 403 471 440 d.
503 399 697 448 Rhodopa.
728 401 770 436 in
801 397 899 444 tab.)

69 519 266 574 CXVI.
321 515 666 573 WRANG-ELIA
723 528 788 576 Ay,
824 528 885 574 sp.
918 525 999 573 Alq.
1031 524 1078 562 Π.
1109 536 1146 572 p.
1184 524 1270 563 436.
1308 523 1340 560 J.
1373 525 1438 572 Ay.
1472 523 1594 572 Symb.

174 619 211 655 p.
241 603 305 642 37.
343 602 424 650 Aly.
464 600 559 638 med.
594 611 631 648 p.
674 595 739 634 78.
771 595 882 634 Endl.
915 596 1009 632 Gen.
1042 593 1166 631 Planc.
1200 592 1333 640 Suppl.
1366 592 1434 628 III.
1461 604 1498 639 p.
1533 592 1594 628 35.

178 674 295 711 Harv.
336 671 446 718 Phyc.
489 669 586 706 Brit.
630 665 705 704 [ab.
750 663 905 702 XXVII.
946 664 1058 702 Ii‘z'c'lz.
1108 672 1165 709 sp.
1216 672 1253 709 p.
1301 659 1390 698 664..
1435 660 1594 697 Ceramii

179 740 386 779 Grit'litlisiae
417 741 454 774 et
484 733 730 774 Callitbamnii
763 744 815 781 sp.
850 732 964 769 Aucc.

72 815 187 849 Frons
234 806 419 845 tilisormis
464 804 645 854 pinnatim
693 812 854 849 ramosa,
898 798 1105 847 articulata,
1150 796 1460 846 monosipbonia,
1500 796 1597 833 nuda

179 879 241 912 aut
284 874 481 922 corticata,
534 868 804 916 verticillisque
858 867 1101 904 ramellorum
1147 863 1191 900 ad
1238 864 1410 911 genicula
1457 867 1600 901 ornata.

178 943 439 992 Cystocarpia
476 940 583 988 apice
626 937 758 975 ramuli
803 935 1027 982 terminalia,
1069 933 1232 971 ramellis
1269 931 1456 980 supremis
1488 931 1601 968 invo-

181 1011 339 1060 lucrata,
390 1007 604 1056 gemmidiis
650 1003 916 1054 pyrisormibus
962 1002 1131 1039 radiatim
1178 1000 1393 1049 dispositis,
1447 1000 1603 1046 singulis

182 1078 331 1114 sacculo
363 1075 511 1122 hyalino
544 1072 733 1110 conformi
766 1071 992 1120 pedicellato
1025 1068 1190 1118 inclusis,
1212 1067 1434 1105 constantia.
1468 1067 1604 1114 Sphae-

183 1154 362 1191 rosporoe
393 1141 585 1190 morpbosi
621 1140 751 1176 ramuli
785 1139 965 1187 formatae,
998 1136 1180 1174 interiore
1213 1137 1330 1172 latere
1359 1136 1604 1173 ramellorum

180 1212 283 1260 juxta
314 1211 419 1248 basin
452 1209 616 1258 sessiles,
647 1207 849 1256 sphaericae,
881 1206 1067 1253 triangule
1098 1204 1237 1241 divisae.

184 1289 352 1327 Frondes
383 1288 419 1325 in
450 1285 643 1325 nonnullis
673 1285 874 1334 speciebus
904 1283 1107 1321 articulatae
1138 1286 1176 1319 et
1202 1282 1361 1320 omnino
1380 1281 1606 1329 ecorticatae,

76 1357 113 1394 in
145 1357 226 1394 aliis
257 1356 406 1393 inferne
438 1353 626 1391 corticatae
658 1363 823 1400 superne
854 1351 977 1401 nudae,
1009 1354 1072 1388 aut
1102 1351 1220 1387 immo
1250 1350 1293 1386 ad
1321 1350 1466 1398 apicem
1490 1359 1607 1396 usque

77 1428 190 1462 strato
236 1424 455 1460 cellularum
501 1420 818 1468 rectangularium
865 1421 984 1468 tectae,
1030 1419 1274 1466 ramellisque
1308 1417 1416 1454 initio
1449 1417 1609 1463 geminis

79 1491 275 1540 oppositis,
315 1490 468 1526 demum
512 1488 682 1537 plurimis
722 1486 965 1535 verticillatis,
1004 1486 1048 1522 ad
1081 1485 1296 1533 geniculum
1329 1485 1508 1532 quodque
1541 1496 1609 1521 or-

79 1562 183 1598 natae.
256 1556 433 1595 Verticilli
478 1556 584 1604 apice
629 1554 893 1603 adproximati,
939 1552 1130 1590 frondium
1172 1552 1298 1600 apices
1337 1562 1469 1588 omnes
1501 1562 1609 1588 coma

80 1628 143 1663 aut
173 1623 348 1674 penicillo
381 1624 624 1661 ramellorum
658 1625 812 1670 ornant,
846 1624 884 1657 ut
916 1630 1004 1657 vero
1038 1620 1141 1657 frons
1174 1620 1370 1667 excrescit,
1390 1622 1612 1667 separantur

80 1692 240 1730 invicem
272 1691 441 1730 verticilli
475 1690 688 1739 inferiores,
719 1690 827 1726 novis
860 1688 1047 1737 penicillis
1078 1688 1205 1735 apices
1238 1686 1471 1725 ornantibus.
1518 1689 1612 1725 Ver-

82 1759 284 1797 ticillorum
318 1759 460 1796 ramelli
492 1757 753 1805 magnitudine
785 1760 825 1793 ut
855 1756 1060 1805 plurimum
1094 1756 1310 1803 inaequales,
1341 1755 1401 1792 alii
1433 1754 1613 1803 majores,

82 1827 141 1864 alii
174 1827 358 1876 minores;
404 1826 567 1873 maJ'ores
598 1827 824 1874 plerumque
856 1825 1110 1873 unilaterales,
1143 1824 1177 1860 in
1211 1824 1401 1860 verticillis
1434 1823 1614 1870 proximis

83 1895 229 1944 alterni,
273 1894 415 1932 sensim
460 1894 496 1931 in
544 1905 669 1931 ramos
714 1894 955 1941 evolvuntur,
998 1893 1166 1930 minores
1211 1891 1477 1939 obliterantur,
1523 1890 1615 1927 rami

86 1964 209 2011 itaque
248 1974 382 2000 omnes
422 1961 640 2000 evolutione
680 1960 925 1998 ramellorum
958 1960 1045 2009 orti,
1077 1970 1230 2007 semper
1263 1969 1393 1995 revera
1428 1958 1615 2013 laterales7

86 2029 163 2068 sive
202 2029 377 2079 oppositi,
416 2029 494 2067 sive
533 2026 681 2077 alterni,
720 2028 873 2065 demum
913 2037 1002 2064 vero
1034 2027 1263 2076 prolongati,
1294 2028 1523 2075 apparenter
1553 2025 1616 2060 di-

89 2097 251 2134 chotomi
295 2107 392 2145 saepe
438 2095 613 2135 evadunt.
688 2096 839 2133 [lamelli
887 2096 1012 2142 itaque
1061 2094 1097 2130 in
1143 2093 1267 2142 planta
1311 2093 1435 2130 adulta
1477 2092 1617 2129 sensim

91 2164 337 2202 obliterantur
367 2165 494 2210 (novis
525 2163 726 2212 aliquando
760 2150 1142 2212 proreuientilms‘?);
1190 2165 1362 2198 constant
1392 2162 1618 2210 plerumque

90 2234 159 2271 tilis
196 2233 423 2270 tenuissimis
453 2232 668 2282 articulatis,
701 2232 738 2269 in
778 2232 973 2268 nonnullis
1013 2229 1215 2279 speciebus
1254 2229 1406 2266 turcatis
1438 2227 1619 2264 dichoto-

92 2302 221 2350 misve,
267 2301 303 2338 in
349 2300 429 2337 aliis
474 2300 649 2348 pinnatis.
723 2302 883 2336 Stratum
926 2299 1105 2336 cortieale
1139 2297 1260 2334 oritur
1292 2297 1373 2346 tilis,
1406 2309 1424 2334 a
1457 2294 1620 2333 ramellis

92 2369 270 2407 deorsum
318 2367 489 2416 evolutis,
534 2367 751 2417 articulatis,
797 2366 893 2404 iutra
939 2366 1198 2403 membranam
1232 2369 1423 2401 externam
1457 2363 1505 2399 sili
1538 2361 1620 2410 pri-

93 2437 199 2473 marii
244 2433 552 2483 decurrentibus,
598 2434 633 2471 in
680 2438 786 2483 parte
818 2435 951 2483 plantae
983 2434 1197 2483 superiore,
1229 2433 1265 2469 in
1297 2443 1367 2480 qua
1403 2432 1459 2468 iila
1492 2440 1621 2479 pauca,

94 2504 242 2551 gemina
266 2500 346 2540 'aut
375 2504 568 2551 quaterna,
599 2502 850 2539 discernenda
883 2504 982 2551 sunt,
1013 2501 1157 2538 articuli
1190 2501 1339 2537 filorum
1373 2498 1523 2534 cellulas
1555 2507 1621 2532 re-

96 2571 242 2617 gulares
275 2570 552 2617 rectaugulares
582 2571 826 2619 remittantur,
859 2569 894 2606 in
927 2569 1111 2606 interiore
1144 2571 1246 2616 parte
1280 2568 1337 2603 [ila
1368 2565 1521 2602 densius
1552 2563 1622 2600 sti-

96 2642 178 2686 pata
219 2638 381 2675 ollerunt
420 2640 574 2674 stratum
616 2637 838 2674 cellularum
880 2636 1193 2683 subcontiguum3
1227 2634 1263 2670 in
1295 2632 1400 2668 caule
1433 2631 1623 2679 ramisque

99 2704 285 2752 primariis
316 2705 457 2742 cellulae
492 2704 715 2753 irregulares
746 2704 999 2753 dispositione
1030 2707 1068 2740 et
1099 2704 1218 2739 forma
1252 2699 1470 2737 obveniunt.

208 2775 351 2820 Organa
397 2772 693 2809 fructificationis
738 2772 895 2820 triplicis
941 2770 1090 2818 generis
1135 2769 1348 2806 observata:
1381 2765 1624 2816 cystocarpia,

99 2839 368 2888 spliaerosporae
414 2843 451 2877 et
495 2839 713 2877 antberidia.
788 2838 1022 2886 Cystocarpia
1055 2837 1092 2873 in
1125 2836 1269 2872 ramulo
1316 2834 1526 2870 terminalia
1566 2834 1624 2878 (in

102 2918 174 2944 una
211 2909 337 2956 specie
369 2919 442 2947 sec.
475 2910 613 2954 Harvey
643 2907 842 2957 lateralia),
873 2905 1035 2944 ramellis
1066 2901 1249 2951 elongatis
1279 2900 1530 2939 ambientibus
1564 2900 1625 2937 in-

1435 2965 1496 2998 46²*
