1728 3110
150 131 175 171 7
182 131 208 171 2
216 131 242 170 8
786 126 1018 169 ΟΗοΝῡιιιΕᾹε.
1389 126 1671 172 Lomentarz‘a.

242 258 324 291 Ulva
349 257 531 291 articulata
559 255 665 291 Huds.
693 257 714 290 l.
740 267 768 291 c.

241 316 459 349 Lomentaria
493 316 676 349 articulata
710 314 841 360 Lynyb.
872 314 980 359 Hydr.
1013 313 1105 348 Dan.
1128 324 1163 358 p.
1193 317 1251 348 404
1284 314 1351 349 cab.
1378 315 1436 349 30!
1464 318 1572 359 (excl.
1599 327 1669 351 var.

149 376 184 407 et
207 377 301 417 syn.)
327 373 427 407 Il‘tlcz.
451 373 507 418 Sp.
533 374 602 418 My.
625 385 660 418 p.
687 375 769 408 863!
798 373 905 408 Mont.
933 374 1018 407 Cau.
1040 384 1075 416 p.
1103 374 1183 407 4561

240 434 354 467 Fucus
388 434 593 467 articulatus
625 432 751 478 Liqlicf.
787 433 879 467 Scoc.
907 443 942 477 p.
977 433 1060 466 959!
1092 432 1212 466 Smilla.
1247 432 1342 477 Enqt.
1369 432 1446 467 Bot.
1472 435 1542 469 tab.
1570 436 1667 470 4574.

146 490 283 525 Slaclsli.
310 489 394 524 Ner.
421 488 507 526 Brit.
534 492 595 527 Ed.
621 492 670 526 II.
692 503 728 536 p.
756 492 797 526 44
823 491 891 526 tab.
917 493 952 526 8!
984 492 1087 526 Turn.
1113 492 1200 527 Hz'st.
1227 493 1294 527 tab.
1327 494 1406 527 4061

242 551 419 595 Gigartina
445 552 630 584 articulata
655 550 824 586 Lamour.

242 609 413 642 Chondria
439 610 619 643 articulata
645 608 703 654 Ay.
728 609 784 653 Sp.
813 609 839 643 I.
860 620 895 654 p.
923 610 1004 643 357!
1028 608 1119 653 Syst.
1140 620 1174 653 p.
1199 611 1278 644 ⁶207.

242 667 454 701 Gastridium
482 668 702 701 articulatum
730 666 833 702 Grev.
859 668 928 712 Alq.
955 666 1045 702 Brit.
1066 677 1101 711 p.
1130 669 1209 701 420!

241 725 461 767 belocladia
495 727 677 760 articulata
712 724 816 760 Grev.
842 727 879 761 in
905 726 1013 760 Hoolt.
1039 725 1100 760 Br.
1129 726 1179 761 Fl.
1205 727 1251 761 II.
1274 738 1310 772 p.
1336 730 1413 763 Γ298.
1440 728 1546 763 Harv.
1574 729 1667 764 Man.

147 783 207 817 Ed.
234 783 282 817 Il.
303 794 337 827 p.
368 786 430 817 402
456 786 490 818 ct
516 784 652 829 Phycol.
680 784 769 819 Brit.
796 785 864 819 tab.
890 786 972 819 283!

240 843 353 876 Fucus
379 844 534 877 sericeus
560 854 632 877 var.
659 843 738 888 Esp.
764 843 861 879 Icon.
888 844 956 880 lab.
983 846 1037 878 8⁵2.

240 903 455 936 Lomentaria
484 906 625 946 pertusa
651 902 818 938 Scliousb.
844 905 973 938 macru!

240 961 376 995 Exsico.
411 959 521 1004 Wyatl
545 961 673 996 Damn.
699 972 734 996 n.
761 962 816 995 73!

258 1044 345 1082 llzib.
378 1045 415 1082 in
448 1056 593 1083 oceano
625 1045 800 1083 atlantico
832 1044 877 1083 ab
908 1045 1039 1083 insulis
1071 1046 1320 1084 Foeroarum!
1354 1056 1471 1094 nsque
1501 1045 1547 1083 ad
1575 1045 1669 1084 Tin-

148 1111 228 1159 gin!
262 1111 297 1148 in
329 1113 421 1150 mari
452 1113 755 1152 mediterraneo!
787 1117 824 1150 et
853 1113 1052 1151 adriatico!

239 1203 410 1245 Caespites
448 1204 482 1235 in
522 1203 597 1235 aliis
636 1203 721 1244 algis
760 1201 976 1244 rupibusque
1014 1202 1189 1245 repentes,
1226 1210 1319 1234 nunc
1357 1203 1508 1244 separati
1535 1202 1671 1243 globosi

148 1260 298 1293 intricati
339 1261 648 1303 l—ss-pollicares.
714 1261 868 1293 Frondes
908 1260 1144 1293 teretiusculae
1182 1259 1356 1293 tubulosae
1395 1260 1672 1302 subregulariter

148 1320 357 1352 articulatim
390 1321 581 1353 contractae
614 1322 648 1352 et
683 1320 839 1352 articulis
866 1319 1080 1360 ellipsoideis
1107 1319 1368 1363 monilisormes,
1395 1319 1608 1354 dichotomae
1637 1324 1673 1354 et

147 1386 297 1419 superne
323 1380 454 1421 saepius
480 1378 700 1411 trichotomffl
739 1378 950 1420 ramulisque
977 1379 1120 1420 insuper
1145 1377 1365 1411 brevioribus
1392 1387 1488 1420 saepe
1513 1380 1671 1412 verticil-

148 1437 243 1469 latim
280 1436 368 1470 infra
406 1439 589 1471 stricturas
629 1436 890 1478 egredientibus
931 1437 1029 1478 quasi
1067 1436 1342 1478 polyohotomae,
1388 1436 1671 1479 deliquescenter

148 1504 295 1528 ramosae
330 1495 526 1536 fastigiatae.
581 1496 725 1529 Articuli
751 1495 824 1528 fere
850 1504 971 1528 omnes
998 1494 1205 1538 ellipsoidei,
1232 1495 1408 1535 longiores
1434 1494 1670 1538 brevioresve,

147 1554 329 1588 inferiores
355 1555 485 1596 saepius
513 1554 663 1594 elongati
692 1554 861 1586 diametro
889 1553 1037 1595 amaplo
1065 1553 1251 1595 longiores,
1275 1553 1476 1594 superiores
1491 1552 1670 1586 breviores

146 1613 296 1653 2—3plo
333 1613 502 1645 diametro
542 1613 730 1655 longiores,
768 1612 968 1644 terminales
994 1612 1183 1644 acuminati
1211 1613 1270 1644 aut
1295 1610 1422 1644 obtusi.
1472 1610 1668 1644 Keramidia

148 1673 180 1704 in
208 1672 363 1704 articulis
396 1680 570 1704 ramorum
603 1671 886 1712 ramulornmque
918 1668 1159 1712 superioribus
1194 1669 1348 1702 lateralia
1382 1669 1531 1711 sessilia,
1564 1679 1670 1711 supra

148 1731 326 1764 dilatatam
352 1729 451 1763 basin
478 1730 680 1772 constricta,
708 1737 766 1761 ore
792 1728 963 1770 producto
991 1729 1161 1771 truncata,
1188 1728 1276 1760 intra
1304 1728 1539 1769 pericarpium
1567 1730 1670 1761 tenue

148 1790 334 1832 gemmidia
374 1789 417 1822 ad
449 1789 650 1830 placentum
682 1787 837 1820 basalem
869 1787 971 1820 affixa
1006 1785 1168 1818 foventia.
1218 1785 1483 1828 Sphaerosporae
1508 1787 1543 1818 in
1569 1795 1672 1819 soros

148 1849 357 1889 irregulares
385 1847 660 1888 rotundatosque
687 1854 750 1888 per
776 1845 942 1878 articulos
968 1846 1169 1887 superiores
1196 1853 1370 1877 ramorum
1386 1844 1669 1887 ramulorumque

149 1908 341 1950 dispositae,
368 1908 402 1939 in
428 1907 537 1938 strato
564 1905 835 1937 inl'ra-corticali
861 1905 1008 1937 evolutae
1036 1903 1207 1945 triangule
1235 1903 1368 1937 divisae.
1418 1901 1519 1936 Color
1544 1912 1669 1936 roseo-

146 1973 419 2008 purpurascens.
468 1963 603 1996 Chartae
630 1962 796 1996 adliaeret.

241 2034 358 2068 Planta
381 2034 543 2076 juvenilis
571 2034 604 2065 et
630 2033 761 2065 minuta
789 2033 984 2066 evidentius
1011 2041 1155 2075 repens,
1186 2034 1220 2065 in
1254 2032 1412 2073 elongata
1450 2031 1516 2065 hoo
1554 2033 1668 2066 minus

148 2096 389 2136 conspicuum.
438 2093 609 2134 Caespites
636 2100 655 2124 a
682 2091 790 2124 fulcro
818 2093 946 2134 arrepti
973 2094 1007 2124 et
1032 2092 1243 2132 circumvagi
1270 2090 1341 2123 sere
1368 2090 1669 2137 globosi-evadunt

148 2155 183 2186 et
207 2153 370 2186 intricati.

239 2211 291 2244 Ad
329 2219 407 2243 oras
444 2208 550 2242 Novae.
587 2208 778 2241 Hollandiae
818 2211 854 2241 et
890 2208 1082 2241 Tasmaniae
1120 2207 1262 2241 obvenit
1298 2208 1385 2252 alga,
1412 2208 1447 2241 L.
1474 2209 1668 2243 articulatae

147 2270 332 2311 simillima,
370 2270 398 2301 si
435 2276 502 2301 non
536 2267 706 2309 identica3
742 2267 817 2300 baec
845 2267 886 2300 ab
912 2267 1084 2308 Agardhio
1111 2267 1289 2300 varietatis
1316 2267 1393 2300 loco
1420 2271 1621 2311 memorata,
1649 2278 1667 2301 a

148 2330 281 2369 Ham-ey
305 2330 344 2360 ut
376 2329 514 2370 species
549 2328 701 2369 propria,
734 2326 885 2368 Chylocl.
918 2325 1121 2358 Tasmanica
1154 2324 1284 2367 (Hoolc.
1311 2324 1420 2359 Lond.
1445 2326 1573 2360 Journ.
1598 2326 1666 2360 III.

144 2400 179 2434 p.
206 2386 284 2421 444.
309 2385 393 2420 Ner.
427 2388 540 2419 austr.
569 2396 603 2429 p.
640 2387 697 2427 84)
730 2386 910 2427 proposita
945 2385 1019 2417 suit.
1074 2384 1134 2416 Est
1166 2383 1275 2417 forma
1301 2385 1422 2428 major,
1448 2384 1546 2427 cujus
1571 2384 1667 2426 frag-

149 2448 265 2480 menta
305 2445 373 2478 vidi
411 2445 749 2488 quadri—pollicaria,
788 2444 944 2476 articulis
980 2442 1203 2476 inferioribus
1242 2444 1356 2476 minus
1394 2443 1596 2476 constrictis
1633 2446 1667 2477 et

149 2503 381 2546 longioribus,
419 2503 547 2536 nullam
585 2512 666 2536 vero
695 2503 918 2536 essentialem
944 2504 1062 2535 notam
1094 2502 1206 2546 video,
1233 2512 1300 2545 qua
1325 2502 1478 2535 sterilem
1504 2510 1522 2534 a
1546 2502 1665 2544 planta

147 2564 317 2606 Europaea
351 2562 551 2595 discernere
584 2562 699 2594 liceat.
755 2561 947 2604 Aliquando
981 2561 1117 2593 articuli
1142 2561 1233 2594 linea
1260 2562 1405 2602 angusta
1432 2562 1540 2594 notati
1566 2563 1665 2603 quasi

149 2625 182 2656 in
208 2624 283 2655 viva
310 2622 669 2664 3quetro-prismatici
697 2620 862 2662 fuissent,
889 2619 950 2652 sed
977 2620 1086 2652 sectio
1112 2618 1558 2661 transversalis(elliptica)
1573 2620 1665 2653 nulla

149 2681 249 2723 liujus
275 2682 448 2713 monstrat
472 2679 633 2719 vestigia,
659 2686 724 2710 nec
750 2679 783 2710 in
810 2680 983 2710 structura
1009 2677 1141 2711 frondis
1169 2678 1399 2711 differentiam
1428 2679 1539 2712 video.

242 2738 453 2771 Gastridium
480 2737 682 2769 corallinum
709 2734 832 2776 (Salar.
859 2734 1024 2779 Reqensb.
1050 2735 1100 2769 Fl.
1128 2737 1214 2769 4836
1239 2736 1306 2770 tab.
1333 2734 1391 2769 IV.
1411 2735 1467 2781 fiq.
1484 2738 1542 2778 34)
1569 2738 1664 2779 frag-

149 2797 274 2829 mentis
306 2797 406 2828 nanis
440 2795 568 2836 plantae
605 2794 837 2836 constituitur,
871 2802 948 2835 quae
981 2797 1125 2835 aspectu
1153 2797 1187 2828 et
1212 2797 1384 2828 structura
1413 2805 1490 2829 cum
1517 2796 1551 2828 L.
1578 2797 1664 2828 arti—

148 2855 262 2886 culata
289 2855 461 2886 convenit.
487 2853 607 2886 Utrum
633 2852 676 2885 ad
702 2853 855 2894 speciem
883 2852 1053 2885 diversam
1070 2855 1322 2894 pertineantan
1338 2862 1416 2886 cum
1431 2853 1465 2885 L.
1481 2853 1663 2887 articulata

149 2911 267 2954 specie
293 2911 445 2944 identica
471 2912 551 2956 sint,
578 2920 621 2946 ex
646 2911 700 2944 his
725 2910 928 2952 fragmentis
955 2910 1046 2945 haud
1072 2912 1195 2945 elucet.
