<?xml version="1.0" encoding="UTF-8"?>
<!DOCTYPE html PUBLIC "-//W3C//DTD XHTML 1.0 Transitional//EN"
    "http://www.w3.org/TR/xhtml1/DTD/xhtml1-transitional.dtd">
<html xmlns="http://www.w3.org/1999/xhtml" xml:lang="en" lang="en">
 <head>
  <title>
</title>
<meta http-equiv="Content-Type" content="text/html;charset=utf-8" />
  <meta name='ocr-system' content='tesseract 3.04.00' />
  <meta name='ocr-capabilities' content='ocr_page ocr_carea ocr_par ocr_line ocrx_word'/>
</head>
<body>
  <div class='ocr_page' id='page_1' title='image "./speciesgeneraeto0203agar_0440.png"; bbox 0 0 1728 3110; ppageno 0'>
   <div class='ocr_carea' id='block_1_1' title="bbox 133 87 1644 145">
    <p class='ocr_par' dir='ltr' id='par_1_1' title="bbox 133 87 1644 145">
     <span class='ocr_line' id='line_1_1' title="bbox 133 87 1644 145; baseline 0.004 -15"><span class='ocrx_word' id='word_1_1' title='bbox 133 91 148 130; x_wconf 61' lang='lat'>¹1</span> <span class='ocrx_word' id='word_1_2' title='bbox 168 91 181 130; x_wconf 84' lang='lat' dir='ltr'>l</span> <span class='ocrx_word' id='word_1_3' title='bbox 195 91 218 131; x_wconf 77' lang='lat'>5</span> <span class='ocrx_word' id='word_1_4' title='bbox 229 89 252 129; x_wconf 82' lang='grc' dir='ltr'>Ο</span> <span class='ocrx_word' id='word_1_5' title='bbox 752 87 1034 128; x_wconf 69' lang='lat' dir='ltr'>Rnonomm.</span> <span class='ocrx_word' id='word_1_6' title='bbox 1347 88 1644 145; x_wconf 69' lang='lat' dir='ltr'>Polyphaeum.</span> 
     </span>
    </p>
   </div>
   <div class='ocr_carea' id='block_1_2' title="bbox 118 217 1650 2883">
    <p class='ocr_par' dir='ltr' id='par_1_2' title="bbox 121 217 1648 1196">
     <span class='ocr_line' id='line_1_2' title="bbox 125 217 1643 269; baseline -0.001 -12"><span class='ocrx_word' id='word_1_7' title='bbox 125 218 270 257; x_wconf 87' lang='lat' dir='ltr'>stomio</span> <span class='ocrx_word' id='word_1_8' title='bbox 302 218 576 269; x_wconf 86' lang='lat' dir='ltr'>subimpresso</span> <span class='ocrx_word' id='word_1_9' title='bbox 616 221 768 269; x_wconf 75' lang='lat' dir='ltr'>aperta,</span> <span class='ocrx_word' id='word_1_10' title='bbox 807 218 909 256; x_wconf 87' lang='lat' dir='ltr'>intra</span> <span class='ocrx_word' id='word_1_11' title='bbox 952 217 1221 269; x_wconf 87' lang='lat' dir='ltr'>pericarpium</span> <span class='ocrx_word' id='word_1_12' title='bbox 1269 217 1643 269; x_wconf 80' lang='lat' dir='ltr'>polystromaticum</span> 
     </span>
     <span class='ocr_line' id='line_1_3' title="bbox 122 284 1642 336; baseline 0 -13"><span class='ocrx_word' id='word_1_13' title='bbox 122 285 311 323; x_wconf 83' lang='lat' dir='ltr'>nucleum</span> <span class='ocrx_word' id='word_1_14' title='bbox 343 297 461 323; x_wconf 89' lang='lat' dir='ltr'>muco</span> <span class='ocrx_word' id='word_1_15' title='bbox 494 284 669 322; x_wconf 82' lang='lat' dir='ltr'>cinctum</span> <span class='ocrx_word' id='word_1_16' title='bbox 701 284 903 332; x_wconf 70' lang='lat' dir='ltr'>foventia2</span> <span class='ocrx_word' id='word_1_17' title='bbox 935 289 1100 322; x_wconf 83' lang='lat' dir='ltr'>stratum</span> <span class='ocrx_word' id='word_1_18' title='bbox 1133 284 1313 322; x_wconf 88' lang='lat' dir='ltr'>exterius</span> <span class='ocrx_word' id='word_1_19' title='bbox 1330 284 1642 336; x_wconf 79' lang='lat' dir='ltr'>pericurpiicel-</span> 
     </span>
     <span class='ocr_line' id='line_1_4' title="bbox 122 351 1643 403; baseline -0.001 -12"><span class='ocrx_word' id='word_1_20' title='bbox 122 353 216 391; x_wconf 91' lang='lat' dir='ltr'>lulis</span> <span class='ocrx_word' id='word_1_21' title='bbox 248 352 476 391; x_wconf 81' lang='lat' dir='ltr'>directione</span> <span class='ocrx_word' id='word_1_22' title='bbox 508 351 607 390; x_wconf 85' lang='lat' dir='ltr'>radii</span> <span class='ocrx_word' id='word_1_23' title='bbox 642 352 852 403; x_wconf 88' lang='lat' dir='ltr'>porrectis,</span> <span class='ocrx_word' id='word_1_24' title='bbox 884 351 1168 389; x_wconf 86' lang='lat' dir='ltr'>intermedium</span> <span class='ocrx_word' id='word_1_25' title='bbox 1202 351 1360 389; x_wconf 86' lang='lat' dir='ltr'>cellulis</span> <span class='ocrx_word' id='word_1_26' title='bbox 1392 364 1413 387; x_wconf 81' lang='lat' dir='ltr'>a</span> <span class='ocrx_word' id='word_1_27' title='bbox 1445 351 1530 389; x_wconf 88' lang='lat' dir='ltr'>basi</span> <span class='ocrx_word' id='word_1_28' title='bbox 1557 364 1643 390; x_wconf 88' lang='lat' dir='ltr'>ver-</span> 
     </span>
     <span class='ocr_line' id='line_1_5' title="bbox 122 418 1644 470; baseline -0.001 -13"><span class='ocrx_word' id='word_1_29' title='bbox 122 432 188 457; x_wconf 85' lang='lat' dir='ltr'>sus</span> <span class='ocrx_word' id='word_1_30' title='bbox 219 418 376 470; x_wconf 77' lang='lat' dir='ltr'>apicem</span> <span class='ocrx_word' id='word_1_31' title='bbox 410 418 732 467; x_wconf 78' lang='lat' dir='ltr'>excurrentibus,</span> <span class='ocrx_word' id='word_1_32' title='bbox 763 419 980 457; x_wconf 81' lang='lat' dir='ltr'>introrsum</span> <span class='ocrx_word' id='word_1_33' title='bbox 1022 418 1170 456; x_wconf 87' lang='lat' dir='ltr'>sensim</span> <span class='ocrx_word' id='word_1_34' title='bbox 1203 418 1443 457; x_wconf 87' lang='lat' dir='ltr'>abeuntibus</span> <span class='ocrx_word' id='word_1_35' title='bbox 1474 418 1513 457; x_wconf 91' lang='lat' dir='ltr'>in</span> <span class='ocrx_word' id='word_1_36' title='bbox 1546 418 1644 457; x_wconf 88' lang='lat' dir='ltr'>inti-</span> 
     </span>
     <span class='ocr_line' id='line_1_6' title="bbox 122 485 1645 537; baseline -0.001 -13"><span class='ocrx_word' id='word_1_37' title='bbox 122 499 209 524; x_wconf 91' lang='lat' dir='ltr'>mos</span> <span class='ocrx_word' id='word_1_38' title='bbox 240 485 375 524; x_wconf 86' lang='lat' dir='ltr'>laxius</span> <span class='ocrx_word' id='word_1_39' title='bbox 407 485 625 536; x_wconf 82' lang='lat' dir='ltr'>dispositos</span> <span class='ocrx_word' id='word_1_40' title='bbox 656 485 900 523; x_wconf 81' lang='lat' dir='ltr'>reticulatim</span> <span class='ocrx_word' id='word_1_41' title='bbox 941 490 1302 529; x_wconf 81' lang='lat' dir='ltr'>anastomosanteS‚</span> <span class='ocrx_word' id='word_1_42' title='bbox 1343 498 1502 523; x_wconf 84' lang='lat' dir='ltr'>mucum</span> <span class='ocrx_word' id='word_1_43' title='bbox 1535 486 1645 537; x_wconf 85' lang='lat' dir='ltr'>copi-</span> 
     </span>
     <span class='ocr_line' id='line_1_7' title="bbox 121 551 1646 603; baseline -0.001 -12"><span class='ocrx_word' id='word_1_44' title='bbox 121 566 234 591; x_wconf 89' lang='lat' dir='ltr'>osum</span> <span class='ocrx_word' id='word_1_45' title='bbox 267 557 310 591; x_wconf 92' lang='lat' dir='ltr'>ut</span> <span class='ocrx_word' id='word_1_46' title='bbox 339 553 498 591; x_wconf 85' lang='lat' dir='ltr'>videtur</span> <span class='ocrx_word' id='word_1_47' title='bbox 528 552 677 590; x_wconf 87' lang='lat' dir='ltr'>sensim</span> <span class='ocrx_word' id='word_1_48' title='bbox 708 558 980 598; x_wconf 81' lang='lat' dir='ltr'>secernentes,</span> <span class='ocrx_word' id='word_1_49' title='bbox 1012 554 1124 603; x_wconf 82' lang='lat' dir='ltr'>cujus</span> <span class='ocrx_word' id='word_1_50' title='bbox 1158 551 1423 603; x_wconf 76' lang='lat' dir='ltr'>expansione,</span> <span class='ocrx_word' id='word_1_51' title='bbox 1456 552 1494 589; x_wconf 89' lang='lat' dir='ltr'>ni</span> <span class='ocrx_word' id='word_1_52' title='bbox 1514 552 1646 599; x_wconf 85' lang='lat' dir='ltr'>fallor,</span> 
     </span>
     <span class='ocr_line' id='line_1_8' title="bbox 122 618 1645 671; baseline 0.001 -15"><span class='ocrx_word' id='word_1_53' title='bbox 122 619 344 671; x_wconf 81' lang='lat' dir='ltr'>gemmidia</span> <span class='ocrx_word' id='word_1_54' title='bbox 375 620 535 658; x_wconf 90' lang='lat' dir='ltr'>demum</span> <span class='ocrx_word' id='word_1_55' title='bbox 570 619 844 670; x_wconf 88' lang='lat' dir='ltr'>expelluntur.</span> <span class='ocrx_word' id='word_1_56' title='bbox 903 618 1082 656; x_wconf 86' lang='lat' dir='ltr'>Nucleus</span> <span class='ocrx_word' id='word_1_57' title='bbox 1121 632 1241 670; x_wconf 82' lang='lat' dir='ltr'>supra</span> <span class='ocrx_word' id='word_1_58' title='bbox 1271 619 1499 671; x_wconf 76' lang='lat' dir='ltr'>placentam</span> <span class='ocrx_word' id='word_1_59' title='bbox 1533 619 1645 658; x_wconf 83' lang='lat' dir='ltr'>basa-</span> 
     </span>
     <span class='ocr_line' id='line_1_9' title="bbox 121 685 1646 738; baseline 0.001 -14"><span class='ocrx_word' id='word_1_60' title='bbox 121 687 200 724; x_wconf 90' lang='lat' dir='ltr'>lem</span> <span class='ocrx_word' id='word_1_61' title='bbox 234 698 452 738; x_wconf 83' lang='lat' dir='ltr'>expansus,</span> <span class='ocrx_word' id='word_1_62' title='bbox 484 691 640 725; x_wconf 87' lang='lat' dir='ltr'>constat</span> <span class='ocrx_word' id='word_1_63' title='bbox 671 685 750 723; x_wconf 82' lang='lat' dir='ltr'>filis</span> <span class='ocrx_word' id='word_1_64' title='bbox 782 686 966 737; x_wconf 83' lang='lat' dir='ltr'>plurimis</span> <span class='ocrx_word' id='word_1_65' title='bbox 999 686 1248 725; x_wconf 72' lang='lat' dir='ltr'>radiantibus</span> <span class='ocrx_word' id='word_1_66' title='bbox 1267 686 1646 737; x_wconf 86' lang='lat' dir='ltr'>fasciculatis,quo-</span> 
     </span>
     <span class='ocr_line' id='line_1_10' title="bbox 121 752 1645 804; baseline 0 -13"><span class='ocrx_word' id='word_1_67' title='bbox 121 767 209 792; x_wconf 90' lang='lat' dir='ltr'>rum</span> <span class='ocrx_word' id='word_1_68' title='bbox 241 753 281 791; x_wconf 90' lang='lat' dir='ltr'>in</span> <span class='ocrx_word' id='word_1_69' title='bbox 313 753 493 791; x_wconf 78' lang='lat' dir='ltr'>articulis</span> <span class='ocrx_word' id='word_1_70' title='bbox 525 752 723 804; x_wconf 86' lang='lat' dir='ltr'>supremis</span> <span class='ocrx_word' id='word_1_71' title='bbox 754 753 976 804; x_wconf 78' lang='lat' dir='ltr'>gemmidia</span> <span class='ocrx_word' id='word_1_72' title='bbox 995 754 1250 791; x_wconf 80' lang='lat' dir='ltr'>evolvuntur.</span> <span class='ocrx_word' id='word_1_73' title='bbox 1285 753 1517 792; x_wconf 83' lang='lat' dir='ltr'>Gemmidia</span> <span class='ocrx_word' id='word_1_74' title='bbox 1535 754 1645 793; x_wconf 88' lang='lat' dir='ltr'>elon-</span> 
     </span>
     <span class='ocr_line' id='line_1_11' title="bbox 122 820 1646 872; baseline 0.001 -14"><span class='ocrx_word' id='word_1_75' title='bbox 122 820 491 872; x_wconf 81' lang='lat' dir='ltr'>gato-pyriformia,</span> <span class='ocrx_word' id='word_1_76' title='bbox 524 824 679 858; x_wconf 84' lang='lat' dir='ltr'>matura</span> <span class='ocrx_word' id='word_1_77' title='bbox 710 824 770 858; x_wconf 86' lang='lat' dir='ltr'>sat</span> <span class='ocrx_word' id='word_1_78' title='bbox 799 833 959 871; x_wconf 81' lang='lat' dir='ltr'>magna,</span> <span class='ocrx_word' id='word_1_79' title='bbox 990 820 1143 859; x_wconf 87' lang='lat' dir='ltr'>ambitu</span> <span class='ocrx_word' id='word_1_80' title='bbox 1160 820 1246 858; x_wconf 86' lang='lat' dir='ltr'>fere</span> <span class='ocrx_word' id='word_1_81' title='bbox 1270 820 1646 860; x_wconf 70' lang='lat' dir='ltr'>caueam-linearia.</span> 
     </span>
     <span class='ocr_line' id='line_1_12' title="bbox 124 887 1647 940; baseline 0.001 -14"><span class='ocrx_word' id='word_1_82' title='bbox 124 888 324 927; x_wconf 84' lang='lat' dir='ltr'>Stichidia</span> <span class='ocrx_word' id='word_1_83' title='bbox 354 896 394 933; x_wconf 83' lang='lat' dir='ltr'>(a</span> <span class='ocrx_word' id='word_1_84' title='bbox 426 901 489 925; x_wconf 90' lang='lat' dir='ltr'>me</span> <span class='ocrx_word' id='word_1_85' title='bbox 520 901 599 926; x_wconf 91' lang='lat' dir='ltr'>non</span> <span class='ocrx_word' id='word_1_86' title='bbox 633 887 864 936; x_wconf 86' lang='lat' dir='ltr'>observata)</span> <span class='ocrx_word' id='word_1_87' title='bbox 896 892 989 926; x_wconf 89' lang='lat' dir='ltr'>sunt</span> <span class='ocrx_word' id='word_1_88' title='bbox 1018 888 1058 926; x_wconf 89' lang='lat' dir='ltr'>in</span> <span class='ocrx_word' id='word_1_89' title='bbox 1090 892 1273 926; x_wconf 85' lang='lat' dir='ltr'>ramento</span> <span class='ocrx_word' id='word_1_90' title='bbox 1305 888 1553 934; x_wconf 67' lang='lat' dir='ltr'>fasciculam,</span> <span class='ocrx_word' id='word_1_91' title='bbox 1579 902 1647 940; x_wconf 87' lang='lat' dir='ltr'>pe-</span> 
     </span>
     <span class='ocr_line' id='line_1_13' title="bbox 123 954 1648 1006; baseline 0 -13"><span class='ocrx_word' id='word_1_92' title='bbox 123 955 327 1001; x_wconf 87' lang='lat' dir='ltr'>dicellata,</span> <span class='ocrx_word' id='word_1_93' title='bbox 359 955 587 993; x_wconf 82' lang='lat' dir='ltr'>lanceolata</span> <span class='ocrx_word' id='word_1_94' title='bbox 619 959 686 992; x_wconf 90' lang='lat' dir='ltr'>aut</span> <span class='ocrx_word' id='word_1_95' title='bbox 718 954 889 992; x_wconf 81' lang='lat' dir='ltr'>linearia</span> <span class='ocrx_word' id='word_1_96' title='bbox 929 955 1045 1006; x_wconf 83' lang='lat' dir='ltr'>apice</span> <span class='ocrx_word' id='word_1_97' title='bbox 1076 955 1257 1000; x_wconf 86' lang='lat' dir='ltr'>incurva,</span> <span class='ocrx_word' id='word_1_98' title='bbox 1289 955 1512 1001; x_wconf 83' lang='lat' dir='ltr'>articulata,</span> <span class='ocrx_word' id='word_1_99' title='bbox 1544 955 1648 993; x_wconf 83' lang='lat' dir='ltr'>intra</span> 
     </span>
     <span class='ocr_line' id='line_1_14' title="bbox 122 1022 1646 1074; baseline 0.001 -14"><span class='ocrx_word' id='word_1_100' title='bbox 122 1022 315 1061; x_wconf 82' lang='lat' dir='ltr'>articulos</span> <span class='ocrx_word' id='word_1_101' title='bbox 346 1023 526 1073; x_wconf 73' lang='lat' dir='ltr'>singulos</span> <span class='ocrx_word' id='word_1_102' title='bbox 558 1022 741 1073; x_wconf 79' lang='lat' dir='ltr'>geminas</span> <span class='ocrx_word' id='word_1_103' title='bbox 783 1022 1097 1074; x_wconf 76' lang='lat' dir='ltr'>sphaerosporas.</span> <span class='ocrx_word' id='word_1_104' title='bbox 1134 1026 1242 1060; x_wconf 77' lang='lat' dir='ltr'>costa</span> <span class='ocrx_word' id='word_1_105' title='bbox 1277 1027 1494 1074; x_wconf 82' lang='lat' dir='ltr'>separataS,</span> <span class='ocrx_word' id='word_1_106' title='bbox 1525 1023 1646 1061; x_wconf 88' lang='lat' dir='ltr'>trian-</span> 
     </span>
     <span class='ocr_line' id='line_1_15' title="bbox 122 1088 1648 1142; baseline -0.001 -14"><span class='ocrx_word' id='word_1_107' title='bbox 122 1090 216 1142; x_wconf 81' lang='lat' dir='ltr'>gule</span> <span class='ocrx_word' id='word_1_108' title='bbox 248 1089 411 1135; x_wconf 82' lang='lat' dir='ltr'>divisas,</span> <span class='ocrx_word' id='word_1_109' title='bbox 443 1089 595 1141; x_wconf 86' lang='lat' dir='ltr'>duplici</span> <span class='ocrx_word' id='word_1_110' title='bbox 628 1089 733 1127; x_wconf 88' lang='lat' dir='ltr'>serie</span> <span class='ocrx_word' id='word_1_111' title='bbox 758 1089 1046 1141; x_wconf 80' lang='lat' dir='ltr'>longitudinali</span> <span class='ocrx_word' id='word_1_112' title='bbox 1082 1089 1140 1133; x_wconf 85' lang='lat' dir='ltr'>(in</span> <span class='ocrx_word' id='word_1_113' title='bbox 1173 1088 1385 1140; x_wconf 84' lang='lat' dir='ltr'>stichidio)</span> <span class='ocrx_word' id='word_1_114' title='bbox 1419 1089 1648 1142; x_wconf 85' lang='lat' dir='ltr'>dispositas,</span> 
     </span>
     <span class='ocr_line' id='line_1_16' title="bbox 122 1157 313 1196; baseline 0 -1"><span class='ocrx_word' id='word_1_115' title='bbox 122 1157 313 1196; x_wconf 84' lang='lat' dir='ltr'>foventia.</span> 
     </span>
    </p>

    <p class='ocr_par' dir='ltr' id='par_1_3' title="bbox 120 1222 1650 2213">
     <span class='ocr_line' id='line_1_17' title="bbox 233 1222 1647 1276; baseline 0.001 -14"><span class='ocrx_word' id='word_1_116' title='bbox 233 1224 397 1276; x_wconf 89' lang='lat' dir='ltr'>Duplex</span> <span class='ocrx_word' id='word_1_117' title='bbox 430 1228 499 1262; x_wconf 87' lang='lat' dir='ltr'>aut</span> <span class='ocrx_word' id='word_1_118' title='bbox 528 1222 613 1261; x_wconf 88' lang='lat' dir='ltr'>fere</span> <span class='ocrx_word' id='word_1_119' title='bbox 644 1222 795 1274; x_wconf 79' lang='lat' dir='ltr'>triplex</span> <span class='ocrx_word' id='word_1_120' title='bbox 840 1222 1077 1260; x_wconf 85' lang='lat' dir='ltr'>cellularum</span> <span class='ocrx_word' id='word_1_121' title='bbox 1125 1227 1291 1262; x_wconf 87' lang='lat' dir='ltr'>stratum</span> <span class='ocrx_word' id='word_1_122' title='bbox 1336 1224 1519 1263; x_wconf 85' lang='lat' dir='ltr'>frondem</span> <span class='ocrx_word' id='word_1_123' title='bbox 1553 1236 1647 1263; x_wconf 91' lang='lat' dir='ltr'>con—</span> 
     </span>
     <span class='ocr_line' id='line_1_18' title="bbox 123 1289 1649 1342; baseline 0 -13"><span class='ocrx_word' id='word_1_124' title='bbox 123 1291 264 1330; x_wconf 84' lang='lat' dir='ltr'>stituit.</span> <span class='ocrx_word' id='word_1_125' title='bbox 326 1290 498 1329; x_wconf 78' lang='lat' dir='ltr'>Cellulae</span> <span class='ocrx_word' id='word_1_126' title='bbox 530 1302 677 1341; x_wconf 83' lang='lat' dir='ltr'>nempe</span> <span class='ocrx_word' id='word_1_127' title='bbox 708 1289 924 1328; x_wconf 88' lang='lat' dir='ltr'>interiores</span> <span class='ocrx_word' id='word_1_128' title='bbox 969 1295 1061 1328; x_wconf 84' lang='lat' dir='ltr'>sunt</span> <span class='ocrx_word' id='word_1_129' title='bbox 1106 1290 1258 1342; x_wconf 88' lang='lat' dir='ltr'>duplici</span> <span class='ocrx_word' id='word_1_130' title='bbox 1293 1290 1353 1334; x_wconf 84' lang='lat' dir='ltr'>(in</span> <span class='ocrx_word' id='word_1_131' title='bbox 1386 1291 1578 1329; x_wconf 87' lang='lat' dir='ltr'>ramentis</span> <span class='ocrx_word' id='word_1_132' title='bbox 1609 1294 1649 1328; x_wconf 79' lang='lat' dir='ltr'>et</span> 
     </span>
     <span class='ocr_line' id='line_1_19' title="bbox 124 1356 1647 1410; baseline 0 -14"><span class='ocrx_word' id='word_1_133' title='bbox 124 1358 268 1398; x_wconf 86' lang='lat' dir='ltr'>fronde</span> <span class='ocrx_word' id='word_1_134' title='bbox 293 1357 487 1407; x_wconf 84' lang='lat' dir='ltr'>juvenili)</span> <span class='ocrx_word' id='word_1_135' title='bbox 520 1356 637 1402; x_wconf 81' lang='lat' dir='ltr'>serie,</span> <span class='ocrx_word' id='word_1_136' title='bbox 669 1369 690 1393; x_wconf 88' lang='lat' dir='ltr'>a</span> <span class='ocrx_word' id='word_1_137' title='bbox 723 1357 905 1408; x_wconf 79' lang='lat' dir='ltr'>margine</span> <span class='ocrx_word' id='word_1_138' title='bbox 936 1357 986 1395; x_wconf 84' lang='lat' dir='ltr'>ad</span> <span class='ocrx_word' id='word_1_139' title='bbox 1019 1357 1241 1409; x_wconf 80' lang='lat' dir='ltr'>marginem</span> <span class='ocrx_word' id='word_1_140' title='bbox 1287 1362 1468 1404; x_wconf 85' lang='lat' dir='ltr'>extensa,</span> <span class='ocrx_word' id='word_1_141' title='bbox 1515 1358 1647 1410; x_wconf 90' lang='lat' dir='ltr'>dispo-</span> 
     </span>
     <span class='ocr_line' id='line_1_20' title="bbox 124 1424 1647 1475; baseline 0 -11"><span class='ocrx_word' id='word_1_142' title='bbox 124 1426 226 1471; x_wconf 83' lang='lat' dir='ltr'>sitae,</span> <span class='ocrx_word' id='word_1_143' title='bbox 258 1426 298 1463; x_wconf 92' lang='lat' dir='ltr'>in</span> <span class='ocrx_word' id='word_1_144' title='bbox 330 1425 484 1464; x_wconf 88' lang='lat' dir='ltr'>duabus</span> <span class='ocrx_word' id='word_1_145' title='bbox 516 1424 697 1463; x_wconf 77' lang='lat' dir='ltr'>seriebus</span> <span class='ocrx_word' id='word_1_146' title='bbox 729 1424 909 1469; x_wconf 80' lang='lat' dir='ltr'>alternae,</span> <span class='ocrx_word' id='word_1_147' title='bbox 940 1424 1213 1463; x_wconf 81' lang='lat' dir='ltr'>exterioribus</span> <span class='ocrx_word' id='word_1_148' title='bbox 1232 1425 1647 1475; x_wconf 71' lang='lat' dir='ltr'>corticalibustectae2</span> 
     </span>
     <span class='ocr_line' id='line_1_21' title="bbox 123 1491 1647 1544; baseline 0 -13"><span class='ocrx_word' id='word_1_149' title='bbox 123 1493 338 1532; x_wconf 86' lang='lat' dir='ltr'>corticales</span> <span class='ocrx_word' id='word_1_150' title='bbox 370 1492 544 1538; x_wconf 58' lang='lat' dir='ltr'>cellulae,</span> <span class='ocrx_word' id='word_1_151' title='bbox 577 1504 666 1542; x_wconf 82' lang='lat' dir='ltr'>quae</span> <span class='ocrx_word' id='word_1_152' title='bbox 698 1491 960 1530; x_wconf 81' lang='lat' dir='ltr'>interioribus</span> <span class='ocrx_word' id='word_1_153' title='bbox 992 1492 1111 1543; x_wconf 88' lang='lat' dir='ltr'>paulo</span> <span class='ocrx_word' id='word_1_154' title='bbox 1131 1492 1321 1538; x_wconf 84' lang='lat' dir='ltr'>minores,</span> <span class='ocrx_word' id='word_1_155' title='bbox 1349 1492 1508 1544; x_wconf 71' lang='lat' dir='ltr'>singula</span> <span class='ocrx_word' id='word_1_156' title='bbox 1525 1493 1647 1531; x_wconf 91' lang='lat' dir='ltr'>utrin-</span> 
     </span>
     <span class='ocr_line' id='line_1_22' title="bbox 121 1558 1647 1612; baseline 0.001 -14"><span class='ocrx_word' id='word_1_157' title='bbox 121 1573 200 1611; x_wconf 86' lang='lat' dir='ltr'>que</span> <span class='ocrx_word' id='word_1_158' title='bbox 231 1560 336 1598; x_wconf 89' lang='lat' dir='ltr'>serie</span> <span class='ocrx_word' id='word_1_159' title='bbox 367 1560 496 1612; x_wconf 85' lang='lat' dir='ltr'>ipsam</span> <span class='ocrx_word' id='word_1_160' title='bbox 528 1558 787 1611; x_wconf 80' lang='lat' dir='ltr'>superficiem</span> <span class='ocrx_word' id='word_1_161' title='bbox 819 1558 957 1597; x_wconf 78' lang='lat' dir='ltr'>eflicit.</span> <span class='ocrx_word' id='word_1_162' title='bbox 991 1558 1112 1597; x_wconf 81' lang='lat' dir='ltr'>Costa</span> <span class='ocrx_word' id='word_1_163' title='bbox 1144 1559 1292 1597; x_wconf 74' lang='lat' dir='ltr'>cellula</span> <span class='ocrx_word' id='word_1_164' title='bbox 1323 1559 1505 1605; x_wconf 76' lang='lat' dir='ltr'>centrali7</span> <span class='ocrx_word' id='word_1_165' title='bbox 1525 1573 1546 1597; x_wconf 83' lang='lat' dir='ltr'>a</span> <span class='ocrx_word' id='word_1_166' title='bbox 1571 1570 1647 1599; x_wconf 74' lang='lat' dir='ltr'>13ae-</span> 
     </span>
     <span class='ocr_line' id='line_1_23' title="bbox 123 1625 1650 1678; baseline 0 -13"><span class='ocrx_word' id='word_1_167' title='bbox 123 1627 220 1666; x_wconf 86' lang='lat' dir='ltr'>teris</span> <span class='ocrx_word' id='word_1_168' title='bbox 252 1627 384 1665; x_wconf 85' lang='lat' dir='ltr'>minus</span> <span class='ocrx_word' id='word_1_169' title='bbox 432 1626 635 1671; x_wconf 84' lang='lat' dir='ltr'>distincta,</span> <span class='ocrx_word' id='word_1_170' title='bbox 667 1625 928 1678; x_wconf 84' lang='lat' dir='ltr'>percurritur.</span> <span class='ocrx_word' id='word_1_171' title='bbox 988 1626 1031 1664; x_wconf 87' lang='lat' dir='ltr'>ln</span> <span class='ocrx_word' id='word_1_172' title='bbox 1064 1625 1208 1664; x_wconf 86' lang='lat' dir='ltr'>fronde</span> <span class='ocrx_word' id='word_1_173' title='bbox 1253 1627 1453 1665; x_wconf 89' lang='lat' dir='ltr'>adultiore</span> <span class='ocrx_word' id='word_1_174' title='bbox 1498 1627 1650 1665; x_wconf 86' lang='lat' dir='ltr'>eminet</span> 
     </span>
     <span class='ocr_line' id='line_1_24' title="bbox 123 1693 1648 1746; baseline -0.001 -13"><span class='ocrx_word' id='word_1_175' title='bbox 123 1695 313 1745; x_wconf 87' lang='lat' dir='ltr'>utrinque</span> <span class='ocrx_word' id='word_1_176' title='bbox 344 1699 468 1740; x_wconf 84' lang='lat' dir='ltr'>costa,</span> <span class='ocrx_word' id='word_1_177' title='bbox 500 1694 659 1732; x_wconf 78' lang='lat' dir='ltr'>cellulis</span> <span class='ocrx_word' id='word_1_178' title='bbox 689 1693 855 1732; x_wconf 86' lang='lat' dir='ltr'>radiatis</span> <span class='ocrx_word' id='word_1_179' title='bbox 873 1694 983 1731; x_wconf 87' lang='lat' dir='ltr'>strati</span> <span class='ocrx_word' id='word_1_180' title='bbox 1003 1693 1206 1732; x_wconf 84' lang='lat' dir='ltr'>corticalis</span> <span class='ocrx_word' id='word_1_181' title='bbox 1234 1694 1418 1746; x_wconf 86' lang='lat' dir='ltr'>plurimis</span> <span class='ocrx_word' id='word_1_182' title='bbox 1436 1698 1648 1744; x_wconf 73' lang='lat' dir='ltr'>contexta3</span> 
     </span>
     <span class='ocr_line' id='line_1_25' title="bbox 128 1762 1649 1813; baseline -0.001 -12"><span class='ocrx_word' id='word_1_183' title='bbox 128 1763 299 1802; x_wconf 84' lang='lat' dir='ltr'>Cellulae</span> <span class='ocrx_word' id='word_1_184' title='bbox 331 1762 559 1811; x_wconf 77' lang='lat' dir='ltr'>interiores,</span> <span class='ocrx_word' id='word_1_185' title='bbox 591 1775 681 1813; x_wconf 57' lang='lat' dir='ltr'>quae</span> <span class='ocrx_word' id='word_1_186' title='bbox 712 1762 861 1800; x_wconf 89' lang='lat' dir='ltr'>sensim</span> <span class='ocrx_word' id='word_1_187' title='bbox 894 1762 1128 1800; x_wconf 78' lang='lat' dir='ltr'>dividuntur</span> <span class='ocrx_word' id='word_1_188' title='bbox 1159 1765 1401 1808; x_wconf 83' lang='lat' dir='ltr'>extrorsum,</span> <span class='ocrx_word' id='word_1_189' title='bbox 1443 1766 1535 1800; x_wconf 87' lang='lat' dir='ltr'>sunt</span> <span class='ocrx_word' id='word_1_190' title='bbox 1564 1762 1649 1800; x_wconf 88' lang='lat' dir='ltr'>fere</span> 
     </span>
     <span class='ocr_line' id='line_1_26' title="bbox 128 1828 1649 1881; baseline -0.001 -13"><span class='ocrx_word' id='word_1_191' title='bbox 128 1829 395 1881; x_wconf 61' lang='lat' dir='ltr'>pluriseriatze</span> <span class='ocrx_word' id='word_1_192' title='bbox 426 1830 463 1867; x_wconf 90' lang='lat' dir='ltr'>h.</span> <span class='ocrx_word' id='word_1_193' title='bbox 485 1842 520 1867; x_wconf 92' lang='lat' dir='ltr'>e.</span> <span class='ocrx_word' id='word_1_194' title='bbox 552 1829 710 1867; x_wconf 85' lang='lat' dir='ltr'>cellulis</span> <span class='ocrx_word' id='word_1_195' title='bbox 741 1829 981 1879; x_wconf 80' lang='lat' dir='ltr'>quibusdam</span> <span class='ocrx_word' id='word_1_196' title='bbox 999 1828 1266 1875; x_wconf 80' lang='lat' dir='ltr'>intermediis,</span> <span class='ocrx_word' id='word_1_197' title='bbox 1285 1828 1322 1867; x_wconf 93' lang='lat' dir='ltr'>in</span> <span class='ocrx_word' id='word_1_198' title='bbox 1343 1829 1509 1880; x_wconf 76' lang='lat' dir='ltr'>regione</span> <span class='ocrx_word' id='word_1_199' title='bbox 1527 1833 1649 1867; x_wconf 81' lang='lat' dir='ltr'>costae</span> 
     </span>
     <span class='ocr_line' id='line_1_27' title="bbox 123 1895 1649 1948; baseline 0 -14"><span class='ocrx_word' id='word_1_200' title='bbox 123 1896 330 1948; x_wconf 84' lang='lat' dir='ltr'>praecipue</span> <span class='ocrx_word' id='word_1_201' title='bbox 361 1896 586 1935; x_wconf 85' lang='lat' dir='ltr'>numerosis</span> <span class='ocrx_word' id='word_1_202' title='bbox 620 1901 660 1934; x_wconf 86' lang='lat' dir='ltr'>et</span> <span class='ocrx_word' id='word_1_203' title='bbox 690 1895 969 1934; x_wconf 82' lang='lat' dir='ltr'>consimilibus</span> <span class='ocrx_word' id='word_1_204' title='bbox 1001 1895 1041 1933; x_wconf 91' lang='lat' dir='ltr'>in</span> <span class='ocrx_word' id='word_1_205' title='bbox 1073 1895 1286 1934; x_wconf 85' lang='lat' dir='ltr'>corticales</span> <span class='ocrx_word' id='word_1_206' title='bbox 1317 1896 1465 1934; x_wconf 85' lang='lat' dir='ltr'>sensim</span> <span class='ocrx_word' id='word_1_207' title='bbox 1498 1897 1649 1935; x_wconf 88' lang='lat' dir='ltr'>abeun-</span> 
     </span>
     <span class='ocr_line' id='line_1_28' title="bbox 120 1962 1649 2014; baseline 0 -14"><span class='ocrx_word' id='word_1_208' title='bbox 120 1967 194 2001; x_wconf 87' lang='lat' dir='ltr'>tes.</span> <span class='ocrx_word' id='word_1_209' title='bbox 255 1962 385 2001; x_wconf 76' lang='lat' dir='ltr'>Venae.</span> <span class='ocrx_word' id='word_1_210' title='bbox 417 1968 458 2001; x_wconf 90' lang='lat' dir='ltr'>ut</span> <span class='ocrx_word' id='word_1_211' title='bbox 488 1963 704 2014; x_wconf 89' lang='lat' dir='ltr'>plurimum</span> <span class='ocrx_word' id='word_1_212' title='bbox 749 1962 789 1999; x_wconf 88' lang='lat' dir='ltr'>iu</span> <span class='ocrx_word' id='word_1_213' title='bbox 832 1967 945 2013; x_wconf 89' lang='lat' dir='ltr'>parte</span> <span class='ocrx_word' id='word_1_214' title='bbox 983 1962 1175 2000; x_wconf 83' lang='lat' dir='ltr'>ramentis</span> <span class='ocrx_word' id='word_1_215' title='bbox 1206 1962 1408 2000; x_wconf 81' lang='lat' dir='ltr'>denudata</span> <span class='ocrx_word' id='word_1_216' title='bbox 1440 1976 1518 2001; x_wconf 92' lang='lat' dir='ltr'>non</span> <span class='ocrx_word' id='word_1_217' title='bbox 1554 1974 1649 2001; x_wconf 85' lang='lat' dir='ltr'>eon-</span> 
     </span>
     <span class='ocr_line' id='line_1_29' title="bbox 124 2029 1648 2081; baseline 0 -14"><span class='ocrx_word' id='word_1_218' title='bbox 124 2029 299 2081; x_wconf 82' lang='lat' dir='ltr'>spicuae;</span> <span class='ocrx_word' id='word_1_219' title='bbox 331 2041 450 2074; x_wconf 76' lang='lat' dir='ltr'>nune,</span> <span class='ocrx_word' id='word_1_220' title='bbox 483 2033 526 2067; x_wconf 83' lang='lat' dir='ltr'>ut</span> <span class='ocrx_word' id='word_1_221' title='bbox 555 2029 727 2073; x_wconf 76' lang='lat' dir='ltr'>videtur,</span> <span class='ocrx_word' id='word_1_222' title='bbox 745 2033 966 2080; x_wconf 80' lang='lat' dir='ltr'>praesentes</span> <span class='ocrx_word' id='word_1_223' title='bbox 985 2033 1025 2066; x_wconf 88' lang='lat' dir='ltr'>at</span> <span class='ocrx_word' id='word_1_224' title='bbox 1040 2029 1237 2074; x_wconf 82' lang='lat' dir='ltr'>obscurae,</span> <span class='ocrx_word' id='word_1_225' title='bbox 1265 2029 1452 2079; x_wconf 87' lang='lat' dir='ltr'>utrinque</span> <span class='ocrx_word' id='word_1_226' title='bbox 1469 2029 1648 2075; x_wconf 81' lang='lat' dir='ltr'>alternae,</span> 
     </span>
     <span class='ocr_line' id='line_1_30' title="bbox 123 2096 1650 2148; baseline 0 -13"><span class='ocrx_word' id='word_1_227' title='bbox 123 2097 172 2135; x_wconf 90' lang='lat' dir='ltr'>ad</span> <span class='ocrx_word' id='word_1_228' title='bbox 206 2097 347 2135; x_wconf 88' lang='lat' dir='ltr'>dentes</span> <span class='ocrx_word' id='word_1_229' title='bbox 379 2100 642 2134; x_wconf 79' lang='lat' dir='ltr'>excurrentes</span> <span class='ocrx_word' id='word_1_230' title='bbox 675 2096 823 2146; x_wconf 78' lang='lat' dir='ltr'>angulo</span> <span class='ocrx_word' id='word_1_231' title='bbox 855 2096 1095 2147; x_wconf 86' lang='lat' dir='ltr'>patentiori;</span> <span class='ocrx_word' id='word_1_232' title='bbox 1127 2096 1167 2134; x_wconf 90' lang='lat' dir='ltr'>in</span> <span class='ocrx_word' id='word_1_233' title='bbox 1199 2100 1311 2148; x_wconf 87' lang='lat' dir='ltr'>parte</span> <span class='ocrx_word' id='word_1_234' title='bbox 1342 2097 1534 2135; x_wconf 87' lang='lat' dir='ltr'>ramentis</span> <span class='ocrx_word' id='word_1_235' title='bbox 1580 2097 1650 2135; x_wconf 91' lang='lat' dir='ltr'>ob·</span> 
     </span>
     <span class='ocr_line' id='line_1_31' title="bbox 123 2162 758 2213; baseline -0.002 -11"><span class='ocrx_word' id='word_1_236' title='bbox 123 2164 243 2202; x_wconf 83' lang='lat' dir='ltr'>ducta</span> <span class='ocrx_word' id='word_1_237' title='bbox 274 2163 439 2202; x_wconf 85' lang='lat' dir='ltr'>omniuo</span> <span class='ocrx_word' id='word_1_238' title='bbox 471 2162 758 2213; x_wconf 59' lang='lat' dir='ltr'>inconspicuam.</span> 
     </span>
    </p>

    <p class='ocr_par' dir='ltr' id='par_1_4' title="bbox 118 2229 1650 2883">
     <span class='ocr_line' id='line_1_32' title="bbox 233 2229 1649 2281; baseline -0.001 -12"><span class='ocrx_word' id='word_1_239' title='bbox 233 2231 371 2269; x_wconf 84' lang='lat' dir='ltr'>Genus</span> <span class='ocrx_word' id='word_1_240' title='bbox 402 2230 624 2281; x_wconf 61' lang='lat' dir='ltr'>Polyphaci</span> <span class='ocrx_word' id='word_1_241' title='bbox 675 2229 743 2267; x_wconf 88' lang='lat' dir='ltr'>diu</span> <span class='ocrx_word' id='word_1_242' title='bbox 787 2229 890 2267; x_wconf 90' lang='lat' dir='ltr'>male</span> <span class='ocrx_word' id='word_1_243' title='bbox 930 2229 1182 2267; x_wconf 83' lang='lat' dir='ltr'>intellectum</span> <span class='ocrx_word' id='word_1_244' title='bbox 1215 2233 1254 2267; x_wconf 91' lang='lat' dir='ltr'>et</span> <span class='ocrx_word' id='word_1_245' title='bbox 1284 2229 1548 2268; x_wconf 83' lang='lat' dir='ltr'>affinitatibus</span> <span class='ocrx_word' id='word_1_246' title='bbox 1579 2230 1649 2268; x_wconf 93' lang='lat' dir='ltr'>du-</span> 
     </span>
     <span class='ocr_line' id='line_1_33' title="bbox 123 2296 1650 2349; baseline -0.001 -13"><span class='ocrx_word' id='word_1_247' title='bbox 123 2298 246 2343; x_wconf 89' lang='lat' dir='ltr'>bium,</span> <span class='ocrx_word' id='word_1_248' title='bbox 278 2298 400 2336; x_wconf 89' lang='lat' dir='ltr'>hodie</span> <span class='ocrx_word' id='word_1_249' title='bbox 431 2303 491 2335; x_wconf 86' lang='lat' dir='ltr'>sat</span> <span class='ocrx_word' id='word_1_250' title='bbox 521 2296 792 2349; x_wconf 85' lang='lat' dir='ltr'>perspicuum,</span> <span class='ocrx_word' id='word_1_251' title='bbox 838 2297 1147 2335; x_wconf 83' lang='lat' dir='ltr'>Lenormandiae</span> <span class='ocrx_word' id='word_1_252' title='bbox 1189 2297 1487 2348; x_wconf 77' lang='lat' dir='ltr'>emarginatura</span> <span class='ocrx_word' id='word_1_253' title='bbox 1524 2297 1650 2349; x_wconf 87' lang='lat' dir='ltr'>apicis</span> 
     </span>
     <span class='ocr_line' id='line_1_34' title="bbox 120 2363 1649 2415; baseline 0.001 -13"><span class='ocrx_word' id='word_1_254' title='bbox 120 2369 161 2402; x_wconf 87' lang='lat' dir='ltr'>et</span> <span class='ocrx_word' id='word_1_255' title='bbox 192 2365 403 2403; x_wconf 88' lang='lat' dir='ltr'>crescendi</span> <span class='ocrx_word' id='word_1_256' title='bbox 436 2365 569 2409; x_wconf 79' lang='lat' dir='ltr'>niodo,</span> <span class='ocrx_word' id='word_1_257' title='bbox 601 2363 776 2401; x_wconf 83' lang='lat' dir='ltr'>Vidaliae</span> <span class='ocrx_word' id='word_1_258' title='bbox 809 2368 1007 2401; x_wconf 79' lang='lat' dir='ltr'>structura</span> <span class='ocrx_word' id='word_1_259' title='bbox 1039 2363 1246 2409; x_wconf 88' lang='lat' dir='ltr'>interiore,</span> <span class='ocrx_word' id='word_1_260' title='bbox 1277 2364 1565 2415; x_wconf 80' lang='lat' dir='ltr'>Neurymeniae</span> <span class='ocrx_word' id='word_1_261' title='bbox 1588 2378 1649 2403; x_wconf 85' lang='lat' dir='ltr'>ra-</span> 
     </span>
     <span class='ocr_line' id='line_1_35' title="bbox 121 2430 1649 2482; baseline 0 -14"><span class='ocrx_word' id='word_1_262' title='bbox 121 2431 283 2477; x_wconf 83' lang='lat' dir='ltr'>mentis,</span> <span class='ocrx_word' id='word_1_263' title='bbox 314 2431 495 2470; x_wconf 84' lang='lat' dir='ltr'>habitum</span> <span class='ocrx_word' id='word_1_264' title='bbox 529 2435 569 2469; x_wconf 88' lang='lat' dir='ltr'>et</span> <span class='ocrx_word' id='word_1_265' title='bbox 600 2431 759 2468; x_wconf 89' lang='lat' dir='ltr'>demum</span> <span class='ocrx_word' id='word_1_266' title='bbox 794 2430 945 2467; x_wconf 88' lang='lat' dir='ltr'>fructus</span> <span class='ocrx_word' id='word_1_267' title='bbox 976 2430 1265 2481; x_wconf 72' lang='lat' dir='ltr'>praebentibus,</span> <span class='ocrx_word' id='word_1_268' title='bbox 1283 2430 1536 2482; x_wconf 85' lang='lat' dir='ltr'>potissimum</span> <span class='ocrx_word' id='word_1_269' title='bbox 1556 2444 1649 2469; x_wconf 85' lang='lat' dir='ltr'>ana-</span> 
     </span>
     <span class='ocr_line' id='line_1_36' title="bbox 118 2497 1649 2549; baseline 0 -14"><span class='ocrx_word' id='word_1_270' title='bbox 118 2498 282 2549; x_wconf 79' lang='lat' dir='ltr'>logum;</span> <span class='ocrx_word' id='word_1_271' title='bbox 313 2510 332 2534; x_wconf 90' lang='lat' dir='ltr'>a</span> <span class='ocrx_word' id='word_1_272' title='bbox 366 2497 662 2536; x_wconf 87' lang='lat' dir='ltr'>Lenormandia</span> <span class='ocrx_word' id='word_1_273' title='bbox 708 2502 747 2535; x_wconf 92' lang='lat' dir='ltr'>et</span> <span class='ocrx_word' id='word_1_274' title='bbox 788 2500 982 2534; x_wconf 83' lang='lat' dir='ltr'>structura</span> <span class='ocrx_word' id='word_1_275' title='bbox 1033 2502 1072 2534; x_wconf 87' lang='lat' dir='ltr'>et</span> <span class='ocrx_word' id='word_1_276' title='bbox 1102 2497 1309 2542; x_wconf 86' lang='lat' dir='ltr'>ramentis,</span> <span class='ocrx_word' id='word_1_277' title='bbox 1342 2510 1362 2534; x_wconf 92' lang='lat' dir='ltr'>a</span> <span class='ocrx_word' id='word_1_278' title='bbox 1394 2497 1557 2535; x_wconf 81' lang='lat' dir='ltr'>Vidalia</span> <span class='ocrx_word' id='word_1_279' title='bbox 1588 2511 1649 2536; x_wconf 86' lang='lat' dir='ltr'>ra-</span> 
     </span>
     <span class='ocr_line' id='line_1_37' title="bbox 121 2563 1649 2614; baseline 0.001 -12"><span class='ocrx_word' id='word_1_280' title='bbox 121 2564 268 2602; x_wconf 87' lang='lat' dir='ltr'>mentis</span> <span class='ocrx_word' id='word_1_281' title='bbox 300 2564 452 2602; x_wconf 89' lang='lat' dir='ltr'>fructus</span> <span class='ocrx_word' id='word_1_282' title='bbox 484 2564 707 2602; x_wconf 87' lang='lat' dir='ltr'>ferentibus</span> <span class='ocrx_word' id='word_1_283' title='bbox 750 2563 1086 2614; x_wconf 84' lang='lat' dir='ltr'>dignoscendum,</span> <span class='ocrx_word' id='word_1_284' title='bbox 1117 2576 1139 2601; x_wconf 86' lang='lat' dir='ltr'>a</span> <span class='ocrx_word' id='word_1_285' title='bbox 1169 2563 1445 2614; x_wconf 60' lang='lat' dir='ltr'>Neurymenia</span> <span class='ocrx_word' id='word_1_286' title='bbox 1488 2564 1649 2603; x_wconf 87' lang='lat' dir='ltr'>defectu</span> 
     </span>
     <span class='ocr_line' id='line_1_38' title="bbox 119 2628 1648 2682; baseline 0 -12"><span class='ocrx_word' id='word_1_287' title='bbox 119 2632 206 2670; x_wconf 87' lang='lat' dir='ltr'>fere</span> <span class='ocrx_word' id='word_1_288' title='bbox 237 2644 429 2669; x_wconf 86' lang='lat' dir='ltr'>venarum</span> <span class='ocrx_word' id='word_1_289' title='bbox 463 2637 503 2669; x_wconf 86' lang='lat' dir='ltr'>et</span> <span class='ocrx_word' id='word_1_290' title='bbox 533 2631 658 2677; x_wconf 81' lang='lat' dir='ltr'>zonis,</span> <span class='ocrx_word' id='word_1_291' title='bbox 699 2642 802 2680; x_wconf 81' lang='lat' dir='ltr'>quae,</span> <span class='ocrx_word' id='word_1_292' title='bbox 834 2628 930 2667; x_wconf 87' lang='lat' dir='ltr'>lieet</span> <span class='ocrx_word' id='word_1_293' title='bbox 961 2630 1145 2668; x_wconf 58' lang='lat' dir='ltr'>obscurae</span> <span class='ocrx_word' id='word_1_294' title='bbox 1177 2634 1217 2668; x_wconf 88' lang='lat' dir='ltr'>et</span> <span class='ocrx_word' id='word_1_295' title='bbox 1247 2630 1316 2668; x_wconf 85' lang='lat' dir='ltr'>vix</span> <span class='ocrx_word' id='word_1_296' title='bbox 1348 2631 1648 2682; x_wconf 84' lang='lat' dir='ltr'>conspiciendae</span> 
     </span>
     <span class='ocr_line' id='line_1_39' title="bbox 119 2696 1648 2748; baseline 0.001 -12"><span class='ocrx_word' id='word_1_297' title='bbox 119 2698 197 2737; x_wconf 87' lang='lat' dir='ltr'>nisi</span> <span class='ocrx_word' id='word_1_298' title='bbox 228 2699 269 2736; x_wconf 92' lang='lat' dir='ltr'>in</span> <span class='ocrx_word' id='word_1_299' title='bbox 301 2698 445 2736; x_wconf 86' lang='lat' dir='ltr'>fronde</span> <span class='ocrx_word' id='word_1_300' title='bbox 470 2697 645 2747; x_wconf 80' lang='lat' dir='ltr'>juvenili</span> <span class='ocrx_word' id='word_1_301' title='bbox 677 2702 717 2735; x_wconf 88' lang='lat' dir='ltr'>et</span> <span class='ocrx_word' id='word_1_302' title='bbox 754 2696 852 2748; x_wconf 87' lang='lat' dir='ltr'>ipsis</span> <span class='ocrx_word' id='word_1_303' title='bbox 894 2697 1086 2735; x_wconf 84' lang='lat' dir='ltr'>ramentis</span> <span class='ocrx_word' id='word_1_304' title='bbox 1112 2697 1378 2747; x_wconf 81' lang='lat' dir='ltr'>juvenilibus,</span> <span class='ocrx_word' id='word_1_305' title='bbox 1411 2702 1545 2735; x_wconf 89' lang='lat' dir='ltr'>tamen</span> <span class='ocrx_word' id='word_1_306' title='bbox 1579 2700 1648 2737; x_wconf 87' lang='lat' dir='ltr'>ad-</span> 
     </span>
     <span class='ocr_line' id='line_1_40' title="bbox 120 2763 1647 2816; baseline -0.002 -11"><span class='ocrx_word' id='word_1_307' title='bbox 120 2767 213 2813; x_wconf 86' lang='lat' dir='ltr'>sint,</span> <span class='ocrx_word' id='word_1_308' title='bbox 246 2766 366 2804; x_wconf 87' lang='lat' dir='ltr'>modo</span> <span class='ocrx_word' id='word_1_309' title='bbox 398 2765 483 2802; x_wconf 85' lang='lat' dir='ltr'>fere</span> <span class='ocrx_word' id='word_1_310' title='bbox 524 2763 834 2803; x_wconf 85' lang='lat' dir='ltr'>Lenormandiae</span> <span class='ocrx_word' id='word_1_311' title='bbox 875 2768 1152 2802; x_wconf 81' lang='lat' dir='ltr'>excurrentes.</span> <span class='ocrx_word' id='word_1_312' title='bbox 1214 2763 1247 2801; x_wconf 94' lang='lat' dir='ltr'><strong>A</strong></span> <span class='ocrx_word' id='word_1_313' title='bbox 1277 2764 1536 2802; x_wconf 85' lang='lat' dir='ltr'>Lamouroux</span> <span class='ocrx_word' id='word_1_314' title='bbox 1567 2765 1647 2816; x_wconf 89' lang='lat' dir='ltr'>pri-</span> 
     </span>
     <span class='ocr_line' id='line_1_41' title="bbox 119 2829 1647 2883; baseline -0.001 -12"><span class='ocrx_word' id='word_1_315' title='bbox 119 2846 229 2871; x_wconf 92' lang='lat' dir='ltr'>mum</span> <span class='ocrx_word' id='word_1_316' title='bbox 260 2831 521 2883; x_wconf 86' lang='lat' dir='ltr'>descriptum,</span> <span class='ocrx_word' id='word_1_317' title='bbox 551 2831 658 2869; x_wconf 88' lang='lat' dir='ltr'>inter</span> <span class='ocrx_word' id='word_1_318' title='bbox 687 2829 958 2868; x_wconf 83' lang='lat' dir='ltr'>Laminariam</span> <span class='ocrx_word' id='word_1_319' title='bbox 992 2836 1032 2868; x_wconf 87' lang='lat' dir='ltr'>et</span> <span class='ocrx_word' id='word_1_320' title='bbox 1061 2830 1376 2870; x_wconf 86' lang='lat' dir='ltr'>Desmarestiam</span> <span class='ocrx_word' id='word_1_321' title='bbox 1405 2830 1647 2883; x_wconf 86' lang='lat' dir='ltr'>dispositum</span> 
     </span>
    </p>
   </div>
  </div>
 </body>
</html>
