1728 3110
178 167 195 207 1
211 165 296 207 1152
791 160 1073 201 Rnonomsstssffl.
1448 158 1683 213 Polyzonia.

170 295 410 333 scendentes
461 293 624 337 liberae,
680 302 787 329 nunc
830 287 1130 333 erectfflsculae,
1182 286 1302 324 ramis
1358 283 1558 336 primariis
1601 289 1684 323 tan—

169 367 254 401 tum
283 360 533 414 repentibus,
564 358 751 398 bifariam
783 356 960 409 pinnatae
992 354 1128 406 pinnis
1175 351 1348 405 duplicis
1379 351 1552 403 generis.
1609 350 1684 390 Fo-

170 431 226 468 lia
270 441 417 481 nempe
461 427 510 465 ad
556 425 805 478 geniculum.
834 423 1025 474 quodque
1069 421 1289 459 secundum
1334 418 1489 456 alterne
1533 417 1685 468 egredi-

172 498 293 544 entia,
325 509 431 535 nunc
463 500 501 534 et
531 494 737 548 praecipue
779 491 977 544 juvenilia
1019 489 1205 529 bifariam
1245 486 1441 539 disposita
1471 490 1511 524 at
1553 485 1685 524 subse-

171 565 358 611 enudata,
389 577 486 602 mox
517 563 758 615 plerumque
802 559 987 604 disticha,
1033 556 1187 595 ambitu
1231 554 1399 594 definita
1432 555 1528 603 (nec
1557 552 1598 590 in
1627 565 1684 591 ra-

173 647 260 672 mos
291 631 502 680 abeuntia)
535 628 810 681 integerrima,
842 625 954 664 varie
985 624 1161 669 dentata,
1191 626 1259 660 aut
1287 621 1415 659 incisa
1440 624 1480 658 et
1501 619 1684 671 semipin-

171 699 353 745 natifida,
384 710 489 736 vena.
518 694 805 748 longitudinali
837 692 984 745 saepius
1010 689 1243 742 conspicua,
1260 688 1497 740 plerumque
1523 685 1687 736 margini

175 765 359 805 inferiori
390 763 687 816 adproximata,
718 772 921 813 percursa,
953 757 1104 796 lamina
1135 756 1300 806 oblique
1331 753 1515 792 verticali
1546 752 1686 803 saepius

176 833 535 873 monostromatica
563 835 793 869 transverse
823 831 891 865 aut
928 824 1165 864 flabellatim
1212 826 1366 870 zonata,
1415 819 1572 858 cellulis
1600 819 1688 870 sub-

176 900 403 952 hexagonis
434 912 456 937 e
485 897 654 949 regione
684 895 828 948 positis
859 906 979 932 zonas
1017 889 1298 935 formantibus,
1331 887 1424 927 aliis
1454 885 1688 938 angustiori-

174 969 248 1007 bus
278 979 424 1005 venam
455 962 807 1004 constituentibus.
866 959 984 998 Rami
1015 971 1136 1010 supra
1165 956 1309 995 folium
1341 959 1381 993 et
1411 954 1459 992 ad
1501 953 1607 992 idem
1636 952 1690 990 la-

174 1040 237 1073 tus
268 1034 319 1073 ad
350 1032 582 1085 geniculum
613 1029 802 1082 proxime
834 1039 1006 1077 sequens
1037 1023 1338 1077 provenientes,
1368 1020 1572 1073 primariis
1602 1032 1689 1058 cau-

175 1101 281 1140 libus
313 1100 557 1145 conformes,
588 1102 628 1135 et
656 1096 746 1148 plus
777 1094 908 1133 minus
946 1091 1177 1144 compositi,
1220 1087 1472 1128 teretiusculi
1517 1085 1689 1138 angulati

178 1172 247 1205 aut
276 1167 387 1205 foliis
418 1163 704 1204 decurentibus
735 1160 963 1212 marginati,
1005 1156 1294 1211 polysiphonii‚
1326 1153 1561 1207 siphonibus
1591 1152 1692 1191 circa

176 1234 399 1272 centralem
431 1233 469 1280 6,
501 1231 619 1270 nudis
649 1234 717 1268 aut
747 1234 868 1267 tenue
898 1226 1116 1272 corticatis,
1146 1224 1387 1277 plerumque
1419 1235 1499 1260 non
1532 1220 1690 1259 omnino

178 1313 200 1339 e
235 1301 403 1352 regione
434 1298 590 1351 positis.

285 1369 456 1407 Fructus
487 1380 509 1405 a
548 1364 718 1404 diversis
762 1362 942 1415 partibus
987 1359 1295 1404 transformatis,
1327 1361 1369 1395 ut
1408 1355 1578 1399 videtur,
1608 1353 1690 1392 orti.

180 1436 379 1475 Stichidia
409 1448 430 1473 a
460 1447 572 1472 ramo
604 1432 694 1484 plus
725 1430 858 1468 minus
890 1428 1176 1467 transformato
1208 1437 1380 1476 semper,
1397 1422 1429 1460 si
1454 1420 1548 1472 quid
1566 1419 1691 1465 video,

179 1510 267 1544 orta
296 1509 337 1542 et
365 1504 443 1542 hoc
473 1502 595 1541 modo
626 1512 769 1538 revera
800 1495 1143 1550 supra-axillaria,
1175 1494 1296 1532 alium
1316 1492 1434 1530 situm
1453 1477 1692 1540 quandoqui-

180 1572 272 1610 dem
304 1570 556 1615 mentientia,
587 1580 735 1619 nempe
769 1578 877 1604 nunc
921 1564 1036 1616 apice
1066 1562 1166 1601 rami
1212 1559 1405 1600 continuo
1449 1556 1692 1594 increscente

181 1640 243 1685 (P.
275 1638 424 1684 incisa)
458 1640 497 1674 et
526 1635 671 1687 pinnas
702 1646 828 1672 novas
866 1634 1081 1669 exserente
1112 1629 1412 1680 sphaerosporas
1443 1629 1528 1662 tum
1568 1621 1606 1659 in
1635 1632 1692 1658 ra-

180 1705 300 1744 chide
330 1703 445 1749 rami,
476 1707 666 1741 caeterum
698 1700 769 1737 vix
800 1703 966 1744 mutata,
1004 1701 1087 1735 tum
1118 1696 1160 1734 in
1197 1692 1362 1733 ramulis
1381 1686 1691 1742 supra-axillari-

180 1774 268 1819 bus,
299 1771 485 1810 stichidia
517 1768 682 1822 propria
712 1766 840 1818 magis
870 1763 1153 1808 referentibus,
1185 1764 1428 1813 generante;
1459 1768 1564 1795 nunc
1588 1765 1692 1793 ramo

182 1840 305 1878 fertili
336 1838 453 1876 initio
484 1836 613 1887 magis
644 1834 941 1878 transformato,
975 1829 1204 1868 stichidium
1237 1827 1363 1866 oritur
1386 1823 1604 1877 proprium,
1631 1833 1718 1872 apw

182 1906 412 1959 pendiculis
442 1903 739 1943 tabescentium
772 1900 961 1939 foliorum
980 1902 1020 1936 et
1035 1909 1238 1935 ramorum
1256 1894 1462 1932 cristatum
1489 1891 1550 1935 (P.
1567 1887 1693 1927 cunei-

183 1975 294 2020 folia‚
339 1974 382 2011 P.
427 1972 633 2021 elegans);
677 1972 792 2020 parte
822 1971 954 2004 autem
986 1963 1181 2003 inferiore
1218 1958 1510 2014 spliaerosporis
1547 1954 1694 1994 emissis

184 2041 350 2086 essoeta‚
395 2039 527 2090 ipsum
578 2034 797 2074 succrescit
840 2032 1094 2076 stichidium,
1148 2033 1217 2067 aut
1258 2028 1314 2065 ita
1358 2030 1401 2064 ut
1442 2024 1542 2063 rami
1586 2025 1696 2060 antea

184 2106 598 2160 appendiculiformes
630 2116 701 2142 suo
733 2101 876 2141 ordine
913 2099 1069 2138 fertiles
1108 2097 1206 2135 fiant
1243 2100 1283 2133 et
1320 2092 1552 2132 stichidium
1589 2087 1695 2140 quasi

187 2174 456 2226 compositum
489 2171 641 2211 oriatur
670 2170 732 2217 (P.
763 2167 1017 2213 cuneifolia)‚
1049 2170 1116 2203 aut
1146 2162 1376 2202 stichidium
1416 2158 1591 2210 simplex
1619 2167 1694 2194 ma-

186 2247 268 2288 net,
300 2246 342 2278 at
373 2239 676 2292 sphaerosporas
721 2246 894 2287 superne
938 2244 1137 2284 generans
1182 2242 1320 2275 novas,
1351 2231 1391 2265 et
1419 2224 1585 2264 inferior
1612 2234 1696 2275 pars

186 2307 479 2360 sphaerosporis
511 2304 669 2343 emissis
699 2301 848 2340 sterilis
892 2300 1102 2339 evolvatur
1145 2297 1207 2344 (P.
1242 2296 1451 2346 elegans);
1495 2294 1561 2329 aut
1590 2287 1694 2328 deni-

187 2388 265 2427 que
296 2374 403 2413 infra
426 2373 585 2425 apicem
616 2368 795 2408 stichidii
825 2366 977 2405 arcuati
1007 2365 1185 2404 ramulus
1216 2361 1417 2401 evolvitur
1448 2359 1508 2404 (P.
1537 2358 1694 2407 junger-

189 2442 482 2486 mannioides)‚
514 2439 582 2490 qui
622 2438 699 2476 hoc
737 2435 857 2474 modo
889 2433 1123 2471 inferiorem
1169 2434 1323 2483 partem
1354 2440 1375 2464 a
1406 2423 1610 2477 superiore
1639 2432 1694 2458 se-

188 2514 315 2562 parat,
348 2508 454 2546 unde
492 2506 785 2557 sphaei·osporae
828 2500 1034 2539 inferioris
1078 2499 1203 2550 partis
1246 2494 1359 2546 qua-si
1405 2504 1523 2544 supra
1566 2490 1694 2529 basem

188 2577 332 2616 ramuli
378 2575 538 2613 seriatae
576 2572 808 2623 adpareant.
880 2568 971 2619 Ipsa
1016 2565 1202 2604 stichidia
1246 2566 1338 2600 sunt
1379 2563 1447 2598 aut
1488 2562 1596 2596 recta
1637 2554 1693 2597 (Ρ.

191 2642 447 2688 cuneifolia)‚
478 2644 547 2679 aut
576 2651 698 2677 curva
727 2636 1027 2689 spliaerosporas
1057 2631 1259 2683 triangule
1290 2628 1440 2668 divisas
1469 2627 1509 2664 in
1526 2620 1692 2663 articulis

193 2710 363 2762 singulis
393 2709 512 2747 unica
557 2706 662 2744 serie
705 2700 992 2754 longitudinali
1029 2699 1243 2752 dispositas
1274 2694 1466 2735 foventia.
1523 2685 1691 2730 Kerami-

195 2778 260 2816 dia
290 2790 312 2815 a
341 2775 496 2815 ramulo
520 2769 821 2825 supra-axillari
850 2767 1132 2806 transformata
1164 2765 1222 2812 (in
1254 2765 1298 2802 P.
1330 2761 1454 2801 incisa
1486 2757 1589 2807 vidi;
1619 2764 1690 2792 sec.

194 2844 354 2894 Harvey
385 2842 425 2879 in
456 2841 499 2879 P.
530 2837 749 2877 cuneifolia
780 2840 819 2873 et
848 2835 891 2873 P.
923 2833 1109 2884 elegante
1139 2834 1230 2870 sunt
1258 2829 1357 2868 folio
1387 2826 1531 2864 adnata
1561 2825 1600 2860 et
1622 2819 1690 2858 for-

198 2922 268 2947 san
299 2909 419 2947 dente
449 2906 589 2945 intimo
619 2903 902 2943 transformato
935 2905 1056 2949 orta),
1088 2897 1287 2949 juvenilia
1322 2892 1499 2947 pinnulis
1535 2897 1689 2927 conver·
