1728 3110
90 99 357 141 Rhodomela.
701 93 982 134 RHoDOMELEAE.
1510 92 1533 133 8
1544 91 1567 132 8
1582 91 1597 131 1

90 225 159 257 bus
186 230 488 268 quoquoversum
514 220 653 263 angulo
680 223 826 254 circiter
852 222 912 254 45⁰
940 223 1228 265 egredientibus,
1253 223 1407 256 alternis
1434 226 1498 255 aut
1515 221 1605 254 2——3

89 283 133 315 ad
161 283 259 315 idem
288 282 385 315 latus
414 280 665 324 sequentibus,
691 290 788 312 nunc
816 291 890 312 uno
918 281 975 313 vel
1002 281 1118 315 altero
1146 281 1320 324 elongato
1346 283 1450 325 quasi
1477 280 1606 314 dicho—

90 343 210 374 tomis.
261 342 367 374 Rami
394 341 556 372 minores
583 342 618 371 et
645 340 826 382 praecipue
853 340 985 371 ramuli
1014 341 1221 373 evidentius
1249 341 1451 381 semrndati,
1474 333 1605 383 nempe

89 400 269 431 interiore
296 399 411 431 latere
438 408 627 431 ramorum
656 398 790 436 seriati,
817 397 971 436 incurvi,
998 399 1100 441 apice
1127 399 1339 438 acu-ti,2ff<r3
1361 399 1478 432 lineas
1493 398 1606 441 longi,

91 457 277 500 simplices
304 459 368 488 aut
393 457 464 498 ipsi
492 466 586 488 nova
613 456 717 495 serie,
743 465 874 497 nempe
902 456 1067 488 raniellis
1083 457 1313 489 brevissimis
1336 457 1607 497 stibulatis‚‹le-

89 526 191 548 mum
218 516 255 547 in
284 514 456 547 stichidia
494 514 725 553 abeuntibus,
762 514 949 546 instructi.
999 514 1173 547 Stiehidia
1215 518 1306 555 (see.
1333 519 1501 548 auctores
1528 516 1607 548 lau-

90 574 214 613 datos)
242 573 458 606 subsessilia
484 572 677 605 laneoidea
702 573 768 613 (an
795 571 1006 615 duplicem?
1035 573 1165 604 seriem
1187 572 1526 617 spharosporarum
1552 574 1607 607 fo-

89 634 253 674 ventia?)
278 633 456 666 interiore
484 632 599 665 latere
627 631 859 664 ramulorum
888 632 1031 664 seriata.
1071 633 1240 665 Sectione
1269 634 1506 666 transversali
1534 633 1607 665 vidi

90 691 264 735 siphones
292 690 557 735 pericentrales
584 690 615 730 4,
645 690 689 722 ab
718 689 970 722 exterioribus
1009 690 1267 733 magnitudine
1294 702 1367 724 non
1406 691 1607 725 admodum

89 751 269 783 diversos.
319 749 431 783 Color
456 750 669 792 nigrescens
700 749 777 781 fere
804 748 1017 781 Chordariae
1045 753 1081 780 et
1109 749 1318 782 substantia
1344 751 1460 782 firma.

183 809 358 851 Speciem,
384 818 492 851 quam
522 808 670 840 nomine
696 806 764 840 Rh.
792 806 981 840 Gaimardi
1009 807 1289 850 descripserunt
1327 811 1498 841 auctores
1530 808 1609 841 lau-

90 866 176 906 dati,
214 876 287 899 non
327 876 404 898 esse
443 865 732 908 Agardhianam,
769 865 860 897 milii
896 865 1046 897 videtur
1082 866 1348 898 certissimum.
1397 866 1478 899 Non
1507 877 1610 910 afque

90 926 232 955 certum
260 922 351 955 mihi
378 923 531 966 adparet
562 924 719 955 sormam
748 922 909 955 fertilem
925 932 1004 954 esse
1030 933 1050 954 a
1077 923 1206 962 sterili,
1234 934 1345 966 quam
1373 925 1522 956 nomine
1543 923 1610 956 Rh.

90 981 225 1024 patula¹
261 981 503 1024 designarunt
535 981 656 1020 iidem,
689 982 808 1024 specie
842 981 1040 1013 diversam.
1091 981 1165 1023 Ipsi
1204 991 1356 1025 quoque
1396 991 1459 1013 sua
1498 981 1611 1013 dubia

92 1040 158 1072 hac
185 1040 228 1073 de
256 1051 294 1072 re
322 1041 575 1073 enuntiarunt.
602 1040 635 1073 A
664 1051 720 1072 me
747 1041 883 1083 itaque,
920 1040 1178 1073 collectionem
1206 1040 1387 1083 Algarum
1417 1051 1437 1073 a
1462 1040 1610 1073 Hohen-

90 1101 201 1133 acker
228 1101 376 1133 missam
404 1101 685 1139 determinante,
711 1100 778 1133 Rh.
808 1100 999 1134 Gaimardi
1026 1100 1262 1133 Hookeriana
1291 1102 1437 1133 nomine
1453 1100 1521 1134 Rh,
1549 1111 1611 1144 pa-

90 1159 176 1192 tula*
204 1170 287 1192 cum
327 1159 442 1192 dubio
482 1161 660 1203 inscripta
692 1160 773 1192 suit.
825 1160 948 1201 Quum
976 1161 1099 1191 autem
1127 1158 1248 1191 adhuc
1274 1160 1460 1192 incertum
1488 1162 1612 1191 manet

90 1229 135 1251 an
162 1219 302 1261 species
328 1219 408 1250 istie
434 1218 479 1250 ad
507 1229 616 1250 unam
644 1218 875 1261 eandemque
915 1218 1137 1257 reserantur,
1163 1228 1260 1251 novo
1287 1219 1435 1250 nomine
1462 1217 1610 1250 Hooke-

92 1277 233 1309 rianam
261 1279 502 1320 nostramque
530 1276 726 1319 designare
753 1276 878 1315 malui,
904 1286 1012 1319 quam
1042 1277 1304 1319 synonymiam
1325 1275 1476 1317 jamjam
1502 1276 1608 1308 intri-

91 1337 210 1367 catam
237 1345 393 1368 erronea
419 1334 731 1367 determinatione
757 1344 905 1376 augere.

90 1438 127 1477 4.
160 1438 267 1477 Rnx?
298 1451 453 1478 conosA
497 1439 632 1488 (Hools.
663 1441 698 1476 et
734 1439 856 1475 Harv.
898 1438 940 1474 ‘m
981 1437 1106 1475 Loml.
1149 1437 1286 1475 Jomw.
1329 1436 1397 1474 IV
1426 1448 1467 1483 p.
1496 1436 1611 1485 263).

203 1507 346 1546 fronde
388 1506 648 1544 teretiuscula
693 1505 874 1544 filiforrni
915 1505 1114 1557 pinnatim
1153 1504 1613 1556 decomposito-ramosa

200 1574 321 1612 ramis
351 1574 582 1626 patentibus
613 1585 937 1623 quoquoversum
971 1572 1275 1624 egredientibus
1306 1572 1454 1610 sensim
1488 1571 1611 1609 utrin-

202 1653 279 1690 que
309 1639 526 1678 attenuatis
556 1639 736 1691 virgatis,
771 1639 935 1677 ramulis
966 1639 1198 1691 patentibus
1230 1638 1488 1678 filiformibus
1512 1643 1611 1676 atte-

203 1707 348 1753 nuatis,
380 1707 567 1747 omnibus
598 1706 878 1753 inm-ticulatis,
909 1706 1144 1745 kei-amidiis
1162 1706 1386 1745 numerosis
1416 1705 1611 1757 [gemina-

201 1775 268 1824 tis]
303 1775 432 1815 ovatis
470 1774 709 1815 brevissime
739 1774 1008 1827 pedieellatis,
1053 1774 1291 1826 siphonibus
1335 1773 1611 1826 pericentrali-

201 1843 275 1883 bus
307 1842 343 1881 7.

184 1921 414 1955 Rhodomelu
443 1931 592 1955 comosa
616 1918 734 1953 Hook.
761 1922 795 1953 et
818 1919 937 1954 How-v.
964 1919 986 1953 Z.
1013 1928 1041 1952 e.
1070 1917 1197 1962 Crypt.
1226 1919 1445 1965 Antaffctffl.
1461 1919 1525 1952 176
1540 1916 1611 1952 tab.

97 1977 339 2013 CLXXXV!
361 1977 481 2012 Hm-v.
508 1977 596 2011 Ner.
624 1977 755 2011 Austr.
776 1986 818 2020 p.
845 1980 888 2011 35
915 1977 987 2011 tab.
1015 1976 1095 2011 XI!

187 2038 361 2082 Lophura
388 2048 535 2071 comosa
561 2035 672 2070 Kritz.
699 2036 764 2079 Sp.
784 2046 825 2079 2),
851 2038 935 2071 851!

210 2108 298 2146 Var.
327 2109 367 2159 β.
425 2108 569 2147 fronde
612 2108 797 2147 tenuiore
842 2108 975 2146 laxius
1019 2121 1191 2154 ramosa,
1229 2108 1412 2160 apicibus
1454 2105 1609 2146 fibrilli-

94 2174 202 2213 feris.

203 2242 306 2281 Hab.
337 2242 386 2280 ad
417 2241 574 2280 Insulas
603 2241 802 2279 Falkland
834 2240 1050 2290 (Hooker).

189 2331 316 2366 Cauiis
343 2332 598 2375 cylindraceus
624 2331 714 2364 6—9
738 2342 822 2364 unc.
850 2331 996 2374 longus,
1021 2329 1155 2372 1—1¹l2
1183 2330 1248 2362 lin.
1264 2329 1446 2362 diametro
1461 2329 1516 2370 (in
1537 2338 1610 2360 var.

93 2394 123 2432 β.
152 2391 320 2433 gracilis)
346 2391 528 2423 indivisus
555 2403 586 2422 v⁴
613 2401 632 2422 e
658 2391 738 2423 basi
764 2391 801 2423 in
827 2400 950 2423 ramos
975 2390 1173 2433 primarios
1200 2387 1290 2420 3-„4
1316 2387 1465 2420 divisus.
1504 2386 1610 2422 Rami

94 2451 262 2493 primarii
289 2450 517 2483 secundariis
544 2449 713 2492 plurimis
749 2451 868 2491 aucti3
896 2448 1105 2481 secundarii
1133 2446 1288 2479 ramulis
1314 2445 1489 2477 brevibus
1516 2448 1610 2477 seta-

96 2509 168 2540 ceis
195 2510 327 2548 ornati,
353 2509 495 2542 ultimis
520 2509 559 2540 in
584 2518 660 2542 var.
685 2512 716 2547 β.
744 2507 984 2551 fibrilliferis3
1012 2515 1138 2539 omnes
1166 2515 1184 2536 e
1213 2502 1354 2536 tubulis
1381 2502 1509 2534 Nirea
1522 2503 1609 2535 axin

96 2566 299 2598 centralem
325 2566 561 2599 articulatam
599 2565 789 2609 dispositis
816 2568 851 2598 et
878 2567 995 2598 strato
1033 2566 1188 2595 externo
1228 2560 1447 2592 cellularum
1487 2559 1611 2592 densi-

98 2634 208 2656 orum
235 2624 475 2656 circumdatis
502 2623 662 2657 conflati.
699 2623 913 2657 Keramidia
938 2630 1147 2659 numerosa,
1174 2629 1277 2651 secus
1305 2628 1428 2651 ramos
1455 2618 1610 2651 ultimos

96 2683 354 2726 tertianosque
393 2682 582 2725 disposita,
608 2692 722 2725 parva
762 2684 869 2715 ovata
906 2680 1069 2713 breviter
1106 2676 1336 2721 pedicellata.
1397 2676 1611 2709 Substantia

96 2742 249 2774 flaccida
275 2752 397 2785 opaca,
423 2743 545 2784 primo
572 2742 648 2774 visa
672 2741 920 2778 inarticulata,
947 2739 1009 2771 sed
1044 2748 1128 2769 vere
1160 2735 1367 2768 articulata.
1418 2734 1530 2768 Color
1555 2735 1610 2768 lu-

96 2800 175 2832 ride
202 2800 515 2843 ruso-brunneus3
543 2798 678 2832 chartae
705 2803 805 2832 arcte
832 2797 1003 2831 adhaeret.

191 2858 259 2891 Rh.
286 2868 435 2892 comosa
460 2857 505 2890 ab
531 2859 746 2891 auctoribus
775 2858 888 2891 dubia
908 2856 1047 2899 species
1060 2853 1300 2886 Rhodomelae
1316 2852 1615 2894 existimabatur,
