1728 3110
117 128 169 170 1⁶2
179 128 202 169 2
213 128 236 167 0
731 124 1013 167 RnonoufflAEffi.
1457 127 1618 181 Dasya.

110 258 284 302 quodque
310 257 512 290 dichotomi
540 256 664 289 axillis
691 258 746 288 sat
771 256 996 299 patentibus,
1023 256 1098 288 basi
1120 256 1364 296 crassiusculi,
1390 266 1519 289 versus
1545 257 1620 299 api-

109 327 166 349 ces
192 316 311 349 multo
344 316 533 349 tenuiores
560 316 777 358 longissime
810 316 992 348 attenuati
1028 315 1278 355 strictiusculi,
1305 314 1469 348 ramellis
1495 316 1619 347 termi-

110 376 255 409 nalibus
282 375 460 409 mollibus
493 375 675 418 elongatis
702 375 990 419 subpenicillati.
1040 375 1200 408 Articuli
1235 376 1467 410 ramulorum
1507 376 1619 408 infimi

109 434 292 467 diametro
319 433 580 477 sesqui-duplo
607 433 807 476 longiores,
834 435 1045 477 superiores
1074 432 1177 476 4-1210
1204 444 1321 478 usque
1347 433 1450 477 6-p10
1477 433 1622 476 longio-

110 502 178 525 res.
229 491 407 526 Stichidia
433 494 467 524 in
495 492 651 525 ramulis
678 493 837 531 evoluta,
870 493 1048 525 interiore
1074 492 1190 524 latere
1217 493 1441 529 subsessilia.
1473 492 1622 534 juniora.

109 553 245 591 0011103,
272 551 456 584 adultiora
485 551 678 583 lancoidea
710 555 745 583 ct
771 553 902 584 effoeta
936 553 1051 593 magis
1090 552 1412 595 lineari-oblonga,
1439 553 1621 584 diametro

112 608 283 647 (saltem)
320 608 423 652 6-p10
461 608 643 651 longiora..
688 608 918 652 [Keramidia
955 612 994 651 (a
1030 620 1087 642 me
1128 620 1200 643 non
1241 611 1326 651 visa,
1352 621 1422 643 sec.
1449 610 1621 653 descript.

108 666 385 709 Harveyanam)
415 670 502 699 sunt
529 678 631 700 raino
658 668 794 700 minori
821 668 1059 700 inarticulato
1086 667 1246 708 suffulta,
1272 668 1501 712 ramulisque
1535 678 1622 711 pau-

109 727 159 758 cis
185 726 428 765 involucrata‚
467 728 735 766 ovato-conica,
770 737 901 769 nempe
929 728 1064 759 sensim
1092 728 1127 759 in
1154 730 1317 760 rostrum
1344 727 1493 759 brevius
1531 728 1623 759 atte-

108 787 229 825 nuata,
251 786 461 827 congeriem
484 784 677 827 globosam
701 786 877 818 foventia.
903 785 1126 818 Antheridia
1152 791 1318 830 (quoque
1344 796 1365 818 a
1388 786 1535 828 Harvey
1561 785 1623 818 de-

108 844 263 887 scripta)
288 844 324 876 in
359 843 513 876 ramulis
552 844 770 879 terminalia,
808 843 1180 889 linea1·i-lancoidea].
1231 846 1400 877 sectione
1438 847 1623 876 transver-

109 902 176 934 sali
201 902 293 934 rami
320 902 395 934 vidi
423 901 596 945 siphones
625 902 885 944 pei-icentrales
911 902 940 942 5,
974 902 1127 935 centrali
1156 902 1324 945 majores,
1362 904 1478 935 strato
1512 903 1622 935 cort-i-

109 960 176 993 cali
204 960 289 1005 plus
316 961 438 993 minus
465 961 616 994 evoluto
644 964 796 993 externe
825 965 951 994 tectos.

199 1031 276 1063 Nisi
305 1031 411 1064 valde
438 1031 558 1071 fallor,
597 1032 747 1064 nomina-
784 1031 931 1064 diversa
968 1042 1078 1075 supra
1116 1032 1229 1064 allata
1256 1042 1365 1064 unam
1392 1032 1623 1076 eandemque

109 1092 267 1133 speciem
296 1093 463 1134 spectant
525 1092 734 1134 Speciniina
760 1102 780 1123 3
812 1091 920 1123 nobis
949 1092 1107 1134 primum
1144 1092 1338 1134 descripta,
1366 1092 1520 1123 nimium
1548 1102 1622 1124 ma-

111 1153 195 1182 tura
219 1152 283 1182 aut
310 1151 432 1183 minus
455 1150 547 1182 bene
576 1152 790 1193 przeparata,
817 1151 977 1183 offerunt
1004 1149 1176 1182 stichidia
1191 1151 1370 1183 effoetaet
1386 1151 1487 1193 ipsos
1502 1160 1623 1182 ramu-

110 1208 165 1240 los
191 1210 292 1251 apice
320 1208 605 1245 subdissolutos.
641 1209 737 1241 unde
765 1208 996 1241 characteres
1024 1210 1157 1252 speciei
1184 1207 1280 1241 haud
1308 1208 1401 1241 bene
1435 1207 1622 1241 exhibent.

109 1268 246 1300 Frater
273 1266 365 1299 hanc
392 1267 637 1300 differentiam
666 1277 869 1309 congruere
896 1267 1070 1299 videntur
1096 1277 1177 1299 011111
1206 1266 1330 1309 planta
1356 1277 1376 1299 3
1401 1265 1548 1299 Crouan
1571 1266 1624 1298 di-

112 1326 283 1359 stributa.
332 1326 405 1359 Nec
433 1326 525 1358 hanc
551 1337 571 1358 3
596 1327 640 1359 D.
668 1329 829 1366 venusta,
855 1325 960 1366 cujus
989 1325 1133 1358 nullum
1160 1327 1345 1368 specimen
1373 1325 1550 1368 originale
1573 1326 1624 1357 vi-

110 1384 197 1417 dere
235 1386 401 1428 contigit,
440 1385 625 1417 diversam
664 1386 843 1427 suspicor.
894 1385 976 1427 lpse
1002 1385 1045 1417 D.
1072 1384 1358 1426 corymbiferam
1385 1383 1513 1416 habitu
1540 1394 1622 1416 cum

109 1442 258 1475 Callith.
305 1443 531 1476 versicolore
576 1454 897 1486 comparaveranr,
944 1443 1090 1485 Harvey
1136 1453 1239 1475 suani
1285 1454 1367 1475 011111
1408 1443 1623 1485 Seirospora

109 1501 362 1534 Grriffithsiana
400 1512 551 1545 quoquc
590 1503 828 1544 comparavit.
879 1501 1056 1534 Raniellis
1095 1502 1245 1533 omnino
1285 1502 1457 1534 convenit
1494 1502 1537 1533 D.
1564 1512 1623 1532 ve-

109 1563 220 1592 nusta
246 1571 329 1592 cnm
356 1562 493 1597 nostra,
519 1559 669 1603 qualem
700 1562 824 1602 postea
853 1570 870 1591 e
899 1559 1021 1592 Gallia.
1046 1558 1171 1591 habui,
1208 1559 1332 1592 Dubia
1358 1559 1403 1591 de
1428 1558 1623 1591 identitate

110 1618 198 1651 mihi
238 1622 381 1651 tantum
423 1622 546 1651 movet
573 1618 671 1661 quod
697 1618 844 1660 Harvey
872 1628 994 1650 ramos
1021 1619 1183 1651 minores
1210 1617 1428 1650 articulatos
1454 1627 1528 1650 non
1551 1627 1624 1649 me-

111 1679 322 1718 moraverit,
348 1675 379 1709 ὣ
405 1676 579 1709 stiehidia
605 1676 814 1709 evidentius
842 1675 1063 1719 pedicellata
1089 1676 1263 1719 pinxerit.
1289 1675 1473 1708 Praeterea
1498 1676 1535 1708 in
1561 1685 1625 1707 no-

111 1740 187 1769 5113
213 1735 316 1769 nulla-
341 1735 555 1768 Keramidia
581 1735 666 1775 vidi,
696 1746 761 1767 nec
788 1734 1023 1767 Antheridia.

201 1807 356 1850 Species,
383 1805 502 1849 qualis
535 1816 556 1838 a
588 1817 645 1838 me
683 1805 882 1843 intellecta.
920 1806 963 1837 D.
1002 1804 1243 1837 arbusculam
1281 1805 1555 1845 ramificatione,
1581 1805 1624 1838 D.

111 1864 305 1897 ocellatam
347 1864 501 1897 ramulis
539 1864 802 1897 strictiusculis
836 1862 867 1896 ἃς
894 1863 1190 1906 subpenicillatis
1229 1864 1356 1906 tangit,
1394 1864 1439 1896 ab
1467 1867 1624 1907 utraque

110 1924 258 1957 abunde
285 1924 443 1957 diversa.
495 1925 538 1957 D.
566 1925 724 1967 punicea
750 1927 805 1956 est
833 1924 951 1956 multo
979 1924 1179 1956 robustior.

201 1995 241 2027 In
269 1994 449 2037 symbolis
476 1995 613 2027 nostris
640 2006 673 2038 p.
701 1994 754 2027 35.
782 1993 991 2027 Ceramium
1019 1993 1203 2027 Boucheri
1226 2004 1299 2026 var.
1314 1993 1623 2035 mucilaginosum

111 2054 272 2086 Urouani
299 2053 341 2086 ad
370 2054 530 2095 Dasyam
560 2053 885 2095 simpliciusculain
912 2052 1133 2096 retuleram·7
1161 2052 1425 2095 speciminibus
1451 2054 1579 2094 postea
1604 2062 1624 2083 a

111 2111 257 2145 Crouan
284 2113 416 2151 missis,
442 2112 606 2144 diversas
624 2112 741 2152 video,
763 2115 799 2144 et
821 2122 985 2144 errorem
1001 2122 1198 2153 agnoscere
1214 2111 1343 2144 debeo.
1371 2109 1460 2143 Celzi
1477 2110 1622 2143 Gronau

110 2171 165 2212 (in
191 2169 271 2213 Ala.
298 2168 434 2204 Fz‘m'st.
458 2178 517 2203 wo
544 2170 627 2209 286)
665 2171 734 2202 sub
774 2181 840 2203 sua
876 2171 994 2212 specie
1021 2171 1065 2203 D.
1092 2169 1318 2203 Hutehinsiae
1344 2169 1492 2211 Harvey
1517 2172 1553 2201 et
1579 2169 1621 2201 D.

113 2229 257 2271 planam
284 2229 394 2271 Duby
412 2239 621 2272 synonyma
635 2229 816 2271 citarunt3
833 2231 1046 2272 utrumque.
1062 2227 1265 2269 mejudice,
1279 2227 1432 2269 injuria·7
1455 2228 1499 2260 D.
1515 2227 1623 2270 plana

110 2288 231 2330 Duby,
257 2297 327 2320 sec.
354 2298 407 2331 sp.
433 2287 479 2320 ab
505 2289 585 2331 ipso
613 2288 748 2327 datum,
764 2288 809 2320 ad
830 2288 874 2320 D.
890 2289 1081 2331 puniceam
1100 2288 1270 2331 pertinet,
1285 2290 1321 2319 et
1334 2288 1380 2320 D.
1396 2286 1622 2320 Hutchinsiae

110 2347 256 2388 Harvey
284 2349 339 2379 est·
365 2357 448 2379 cum
474 2347 518 2379 D.
545 2345 743 2379 arbuscula
768 2345 940 2378 identica.

204 2418 406 2460 Specimen,
432 2416 529 2460 quod
557 2427 575 2448 e
602 2417 693 2448 mari
729 2415 907 2448 adriatico
941 2416 1091 2447 unicum
1120 2415 1204 2454 vidi,
1232 2425 1312 2448 cum
1341 2414 1466 2462 planta
1490 2413 1621 2447 Atlan-

113 2477 184 2508 tica
209 2476 406 2508 convenire
434 2477 536 2518 puto.
586 2475 626 2507 ln
664 2476 768 2518 parte
796 2474 988 2517 superiore
1026 2474 1116 2505 rami
1145 2472 1347 2505 admodum
1382 2475 1509 2504 tenues
1536 2473 1622 2503 sunt

112 2533 303 2566 evidenter
329 2532 526 2572 articulati,
564 2543 637 2575 qua
670 2535 757 2565 nota
788 2543 808 2564 3
833 2532 1043 2565 robustiore
1072 2533 1113 2565 I).
1139 2532 1297 2574 punicea
1321 2530 1464 2562 facilius
1492 2530 1621 2562 distin-

112 2594 259 2634 guatur.
286 2590 433 2623 Ramuli
461 2593 547 2623 sunt
572 2590 775 2623 admodum
802 2590 965 2633 elongati
992 2592 1028 2621 et
1054 2591 1155 2633 apice
1178 2590 1393 2622 tenuissime
1408 2588 1621 2632 penicillati,

111 2650 253 2681 inferne
281 2651 448 2692 patenter
474 2647 692 2681 dichotomi.
718 2649 759 2681 In
787 2647 843 2681 his
870 2647 1041 2680 stichidia
1067 2649 1205 2691 optime
1234 2647 1393 2687 evoluta,
1418 2647 1620 2683 lancoidea,

113 2707 292 2750 pedicello
318 2706 480 2739 evidenti
506 2706 665 2746 suffulta,
687 2708 820 2739 sensim
844 2710 878 2738 et
898 2706 1009 2748 longe
1022 2707 1241 2745 acuminata,
1256 2705 1437 2738 diametro
1451 2705 1509 2737 5—
1519 2704 1620 2747 6-plo

112 2765 291 2808 longiora,
317 2764 592 2808 spheerosporas
618 2765 757 2807 duplici
784 2768 848 2798 aut
886 2764 1022 2808 triplici
1048 2765 1142 2797 serie
1180 2764 1436 2796 monstrantia.
1484 2763 1621 2795 Praeter

114 2823 284 2856 stichidia
306 2823 515 2855 evidentius
536 2823 766 2867 pedicellata,
788 2823 913 2867 qualia
934 2825 1056 2855 tamen
1078 2823 1114 2854 in
1138 2822 1180 2855 D.
1202 2825 1359 2854 venusta
1379 2830 1525 2864 quoque
1541 2821 1619 2863 pin-

114 2882 169 2913 xit
194 2882 349 2924 Harvey,
374 2880 517 2914 nullam
544 2885 669 2914 nota-m
698 2882 816 2922 video,
845 2892 918 2925 qua
942 2881 988 2914 ab
1003 2880 1179 2913 atlantica
1201 2880 1430 2922 distinguere
1445 2878 1617 2910 valerem.
