1728 3110
173 105 225 144 lt)
237 105 257 144 7
269 104 292 142 8
792 100 1072 142 RuoDOMELEAE.
1410 103 1682 157 Dictyanenfzssa.

165 246 256 271 nem
288 231 510 270 centralem
542 230 701 268 cellulae
733 231 919 280 quaedam
952 231 1126 280 majores
1156 230 1389 268 intermedii
1421 232 1533 270 strati
1563 232 1603 270 in
1622 246 1681 271 or-

163 301 254 339 bem
288 300 568 351 disponuntur,
600 303 640 336 et
670 298 769 349 ipsae
800 298 1014 336 corticales
1044 297 1217 343 cellulae,
1264 309 1379 335 secus
1418 310 1542 337 venas
1572 299 1682 339 elon-

162 371 280 418 gatae,
312 366 459 404 sensim
492 365 628 417 plures
659 365 875 417 pluresque
907 365 1143 410 formantur,
1174 364 1230 402 ita
1261 370 1303 403 ut
1333 369 1458 411 costa,
1490 366 1530 403 in
1562 367 1682 418 parti-

162 435 235 473 bus
266 433 534 472 adultioribus
566 433 800 477 incrassata,
830 432 988 470 cellulis
1009 432 1267 470 corticalibus
1287 433 1564 484 multiplicatis
1583 447 1682 485 prae-

161 500 281 553 cipue
313 500 453 540 oritur.

272 568 410 606 Genus
440 567 725 618 Dictyrneniae‚
756 567 875 617 quale
905 566 1027 605 hodie
1072 566 1270 617 intelligo,
1302 570 1500 604 structura
1530 566 1683 605 frondis

160 636 210 674 ad
241 635 580 674 Lenormandiam
613 639 653 673 et
682 634 940 685 Kiitzingiam
986 634 1258 673 recentiorum
1304 633 1482 677 accedit;
1528 634 1577 672 ab
1624 634 1684 672 bis

161 716 257 742 vero
290 702 425 741 differt
455 702 667 748 sticlridiis‚
699 702 817 740 unica
848 702 952 739 serie
986 701 1272 751 longitudinali
1298 702 1599 753 spliae1·osporas
1616 713 1683 752 ge-

161 771 417 819 nerantibus2
449 782 528 820 qua
560 774 654 809 nota
685 770 732 807 ad
766 769 1098 820 Polysiphoniam
1124 769 1274 807 arctius
1289 769 1460 815 accedit,
1477 769 1684 820 superiore

161 839 397 877 evolutione
428 837 597 882 frondis,
629 837 668 874 in
689 837 802 874 venis
820 841 857 874 et
889 836 1011 874 costis
1035 836 1267 887 conspicua,
1285 835 1405 873 facile
1435 835 1681 875 distinctum.

161 905 370 943 Stichidiis
398 917 477 943 non
511 905 643 942 minus
675 916 794 953 quum
825 907 1024 941 structura
1056 902 1210 941 frondis
1242 916 1264 939 a
1296 901 1459 940 Vidalia
1476 906 1516 940 et
1535 901 1682 940 Aman-

159 972 217 1010 sia
247 971 414 1010 recedit.
476 970 611 1008 Series
642 983 837 1022 generum
869 969 1102 1021 inspicienti
1133 973 1326 1021 appareat
1366 968 1570 1007 Vidaliam
1611 968 1683 1006 Le-

158 1039 438 1078 normandiam
478 1043 518 1076 et
548 1037 845 1089 Dictymeniam
886 1037 997 1075 zonis
1047 1036 1271 1075 areolarum
1320 1035 1485 1085 oblique
1517 1035 1683 1073 adscen-

159 1107 347 1146 dentibus
380 1119 468 1144 esse
500 1105 706 1155 analogas,
736 1109 774 1142 et
806 1105 845 1142 in
878 1104 1137 1143 subseriebus
1170 1103 1340 1142 diversis
1386 1103 1560 1141 invicem
1607 1103 1683 1142 sibi
1727 1128 1728 1131 =

158 1175 476 1226 1·espondentes;
521 1172 727 1211 Vidaliam
779 1176 913 1209 autem
961 1176 1157 1209 structura
1204 1170 1358 1209 frondis
1405 1174 1445 1208 et
1488 1170 1683 1209 fructibus

158 1241 324 1293 propius
368 1240 416 1278 ad
466 1239 735 1291 Rytiphlaeam
774 1242 814 1276 et
845 1237 1078 1275 Amansiam
1124 1237 1341 1287 accedere3
1387 1236 1682 1287 Dictymeniam

159 1309 207 1346 ad
240 1308 385 1345 seriem
428 1306 730 1357 Polysiplioniae
762 1318 850 1343 esse
889 1305 1157 1347 referendam,
1197 1303 1537 1342 Lenormandium
1570 1303 1682 1341 deni-

159 1387 236 1425 que
279 1379 317 1412 et
349 1373 610 1425 Kiitzingiam
652 1373 874 1411 subseriem
919 1372 1167 1411 constituere
1210 1371 1426 1423 propriam,
1482 1374 1684 1409 structura

159 1442 313 1481 frondis
344 1454 432 1480 cum
466 1441 735 1493 Dietymenia,
767 1440 898 1478 fructu
931 1453 1025 1478 vero
1058 1452 1146 1478 cum
1166 1439 1359 1477 Amansia
1376 1442 1679 1490 congruentem.

270 1510 408 1548 Genus
448 1508 730 1559 Dictymeniae,
761 1521 780 1545 a
815 1507 1024 1545 (irrevilleo
1066 1507 1289 1549 fundatum,
1336 1511 1481 1558 praeter
1526 1506 1682 1557 species

158 1577 234 1616 hoc
265 1576 356 1615 loco
375 1575 514 1627 generi
543 1579 815 1620 conservatas,
848 1575 999 1612 Fucum
1032 1574 1268 1619 volubilem,
1299 1579 1420 1624 atque
1451 1573 1682 1612 Rhodome-

158 1644 237 1681 lam
269 1643 505 1680 serrulatam
539 1646 579 1679 et
610 1642 683 1679 Rh.
725 1641 964 1680 dorsiseram
1002 1641 1384 1692 comprehendebat.
1446 1640 1490 1678 In
1522 1639 1682 1691 symbo-
1726 1653 1728 1656 ·

158 1711 206 1748 lis
238 1709 339 1748 meis
370 1709 641 1747 differentiam
675 1709 724 1746 ab
758 1708 949 1746 Amansia
981 1708 1020 1746 in
1053 1708 1163 1747 zonis
1204 1703 1681 1758 oblique'adscendenti-

157 1778 231 1816 bus
262 1777 487 1815 areolarum
520 1788 718 1826 quwrens,
751 1781 832 1813 tum
867 1775 1022 1827 species
1054 1773 1242 1820 Vidaliae,
1273 1780 1356 1813 tum
1388 1774 1478 1812 Am.
1512 1773 1681 1812 fraxini-

158 1844 296 1882 foliam
329 1848 369 1882 et
408 1843 481 1881 Am
542 1843 776 1894 proliseram
822 1842 1119 1893 Dictyomeniae
1163 1841 1293 1880 retuli.
1354 1840 1556 1878 Deeaisne
1597 1840 1682 1878 fere

159 1912 303 1950 eodem
335 1916 518 1963 tempore
550 1911 857 1962 dispositionem
878 1910 1103 1961 specierum
1125 1909 1308 1947 aftinium
1326 1908 1513 1954 moliens,
1531 1906 1681 1945 Aman-

158 1979 257 2017 siam
291 1978 559 2017 mamillarem
591 1982 631 2015 et
663 1977 751 2016 Am.
782 1977 1091 2022 finxinifoliam,
1134 1976 1237 2015 Dict.
1270 1976 1501 2020 tridentem,
1531 1975 1579 2013 D.
1612 1987 1681 2013 vo-

158 2046 325 2085 lubilem
358 2050 398 2083 et
428 2046 475 2083 Ι).
508 2045 676 2082 Telfairi
725 2044 1020 2095 Dictyomenim
1063 2043 1223 2092 retulit;
1264 2043 1312 2081 A.
1344 2042 1578 2094 proliseram
1619 2042 1679 2079 in-

159 2113 258 2151 certi
291 2111 451 2163 generis
476 2111 699 2160 judicavit3
732 2110 992 2161 Uarpophylli
1027 2110 1241 2161 speciebus
1261 2109 1397 2148 Suhrii
1417 2122 1544 2160 genus
1569 2108 1678 2160 Spir-

158 2179 361 2231 hymeniae
392 2178 556 2216 creavit.
588 2178 747 2228 Har-ve)v
779 2178 887 2223 dein,
920 2177 959 2215 in
992 2177 1085 2215 Ner.
1118 2176 1311 2221 Australi,
1343 2189 1479 2214 veram
1511 2179 1679 2214 structu·
1712 2210 1714 2221 ,

159 2260 241 2284 ram
274 2245 429 2284 frondis
460 2245 662 2296 exposuit,
711 2244 902 2296 plurimas
947 2244 1104 2295 species
1152 2249 1366 2281 extraneas
1409 2242 1596 2288 exclusit,
1640 2247 1680 2280 at

159 2315 412 2351 characteres
442 2311 604 2364 generis
635 2310 765 2349 minus
805 2311 979 2349 feliciter
1017 2311 1220 2362 exposuit,
1261 2310 1505 2362 praecipuam
1538 2308 1677 2348 distin-

160 2380 304 2419 ctionis
336 2384 469 2418 notam
504 2379 541 2416 in
574 2378 776 2430 positione
808 2378 1006 2416 fructuum
1042 2390 1239 2428 quaerens.
1281 2377 1472 2416 Monente
1503 2375 1679 2425 denique

161 2447 331 2492 Sonder,
363 2446 429 2496 qui
463 2458 581 2495 quam
612 2458 750 2496 parum
783 2444 988 2483 sufliceret
1019 2444 1138 2482 allata
1173 2444 1445 2482 distinctionis
1470 2447 1564 2482 nota
1582 2454 1677 2480 exa·
1708 2440 1712 2487 Ῐ

159 2512 321 2551 minatis
352 2511 642 2563 speciminibus
673 2511 848 2549 Vidaliae
880 2510 1039 2561 spii-alis
1083 2515 1122 2548 et
1152 2510 1400 2548 diversarum
1446 2510 1677 2560 Dictyome-
1708 2515 1710 2541 i

161 2580 238 2617 niae
269 2579 495 2631 specierum
527 2579 692 2617 edoctus
723 2578 876 2618 fuisset,
908 2591 1058 2627 genera
1088 2590 1205 2622 nova,
1238 2590 1327 2627 quae
1344 2581 1462 2614 antea
1489 2575 1678 2614 distincta
1705 2571 1710 2601 ἴ

160 2647 377 2691 habuisset,
410 2647 553 2684 iterum
585 2646 867 2697 conjungenda
900 2658 987 2682 esse
1033 2644 1233 2683 concessit
1276 2644 1448 2694 Harvey.
1508 2644 1676 2681 Praeter-
1704 2638 1708 2652 ¹

161 2713 283 2750 missa
312 2713 449 2762 itaque
481 2718 521 2750 et
550 2717 759 2750 structurae
791 2711 945 2749 frondis
976 2710 1205 2749 differentia
1222 2714 1262 2748 et
1285 2710 1564 2748 sticliidiorum
1597 2721 1674 2747 non
1704 2709 1710 2738 ἰ

162 2779 291 2816 minus
322 2779 485 2830 insigni,
530 2779 688 2830 species
732 2777 908 2816 Vidaliae
941 2782 981 2816 et
1017 2777 1285 2829 Dictymeniae
1332 2777 1392 2814 vel
1438 2776 1477 2812 in
1518 2775 1704 2813 diversai

162 2858 307 2895 genera
342 2846 554 2896 dispersas.
590 2846 649 2883 vel
683 2845 720 2883 in
757 2858 875 2883 unum
910 2845 1012 2882 male
1059 2843 1312 2883 consociatas
1359 2843 1499 2882 liabent
1551 2846 1674 2892 syste-
1715 2833 1728 2876 ι’
