1728 3110
75 60 127 101 12
137 61 161 102 6
170 60 195 101 4
688 61 969 104 Rnononmffi.
1300 70 1577 114 Sareomem'a,

67 191 135 222 mis
162 190 360 230 evidentes,
387 192 567 225 diametro
583 192 743 236 aequales
765 195 829 226 aut
843 192 1113 236 sublongiores‚
1127 193 1429 238 heterosiphonii‚
1443 206 1575 238 nempe

67 248 285 292 siphonibus
313 251 622 293 pericentralibus
648 251 678 291 4,
705 256 740 283 et
772 253 948 296 utrinque
986 253 1132 286 duobus
1170 253 1437 296 marginalibus
1463 254 1575 298 duplo

65 308 301 342 brevioribus
340 312 583 354 superpositis
627 313 821 354 instructi·7
869 314 1003 345 sensim
1043 314 1078 345 in
1119 314 1287 356 partibus
1325 313 1575 347 adultioribus

65 367 231 399 eorticati
268 368 437 409 obsoleti,
476 370 708 413 superficiem
745 371 947 404 areolatam
988 374 1248 404 monstrantes.
1298 371 1475 405 Stichidia
1501 383 1576 406 non

65 426 151 458 vidi.
202 426 415 460 Keramislia
440 428 474 460 in
503 429 615 461 ramis
642 429 818 462 brevibus
845 431 1043 470 corticaffis,
1069 430 1244 463 fasciculo
1265 431 1496 464 ramulorum
1518 442 1575 464 ar-

65 485 306 518 ticulatorum
335 496 429 529 serpe
456 488 612 530 stipatis.
641 488 799 527 evoluta,
826 488 1109 521 subterminalia
1137 489 1287 532 oblique
1314 489 1577 523 adscendent-ia

62 544 138 576 fere
165 544 335 584 obovata,
361 546 611 588 cai-postomio
638 549 766 589 aperto
793 549 963 579 truncata.
985 550 1048 579 aut
1064 547 1464 590 sube111a1·ginata,basi
1480 549 1574 581 obli-

63 613 134 645 que
162 605 357 641 strumosa‚
396 606 535 636 struma
574 606 616 636 ut
653 605 800 637 videtur
838 606 882 638 ab
922 606 1023 648 apice
1050 607 1140 638 rami
1169 616 1239 638 non
1268 607 1418 639 omnino
1445 617 1574 640 evane-

63 663 196 701 scente,
222 671 321 693 nunc
348 662 460 694 immo
486 663 522 694 in
552 662 737 695 ramulum
769 667 834 696 aut
872 664 1059 706 apiculum
1098 665 1323 705 continuato,
1350 668 1451 708 orta3
1479 667 1574 709 peri-

63 720 229 762 carpium
256 719 505 762 pulcherrime
533 720 765 757 cellulosum,
803 721 949 755 cellulis
988 733 1118 766 nempe
1145 734 1165 755 a
1192 723 1269 756 basi
1295 727 1483 757 strumosa
1509 724 1574 758 ob-

61 779 226 810 scuriore
253 779 367 809 series
393 777 685 821 longitudinales
712 780 756 812 ad
787 783 1075 823 carpostomium
1104 781 1231 814 «luctas
1246 782 1573 822 formantibusin-

64 839 120 867 tra
148 835 314 878 singulas
341 837 454 868 series
482 837 685 870 directione
714 839 952 870 transversali
980 838 1160 881 elongatis
1188 840 1388 882 parallelis.
1414 841 1575 874 Nucleus

65 905 129 937 per
155 895 401 937 pericarpium
430 896 662 928 translucens
689 899 833 929 constat
848 897 1023 930 fasciculo
1046 897 1205 939 filorum,
1232 900 1393 931 medium
1415 899 1573 932 kerami-

60 953 109 985 dii
137 954 198 984 vix
226 954 442 995 attingente,
476 964 496 985 a
529 959 631 997 parte
666 958 853 987 strumosa
892 957 1154 999 proveniente3
1192 956 1262 988 filis
1289 956 1574 991 dichotomo-sa-

59 1014 231 1056 stigiatis,
256 1015 292 1045 in
320 1013 487 1045 articulis
516 1015 775 1048 terminalibus
802 1016 1004 1057 gemmidia
1032 1017 1249 1059 pyrisormia
1275 1018 1499 1051 foventibuS.

148 1072 295 1114 Species
322 1072 415 1104 bene
444 1072 631 1114 distincta,
671 1075 869 1106 transitum
904 1075 1001 1106 inter
1028 1075 1125 1107 Sarc.
1152 1075 1326 1108 Victoriae
1353 1079 1388 1108 et
1414 1078 1446 1109 S.
1472 1077 1573 1121 Hyp-

59 1130 211 1162 neoides
252 1131 570 1163 evidentissimum
611 1142 757 1175 parans.
807 1132 960 1166 Nullum
1001 1133 1183 1174 objectum
1223 1134 1290 1166 sub
1330 1136 1573 1180 microscopio

59 1188 274 1221 keramidiis
302 1188 494 1232 pulchrius
521 1190 595 1222 sere
623 1190 707 1222 vidi.

147 1246 250 1278 Inter
288 1248 490 1290 specimina
530 1247 638 1289 hujus
677 1249 812 1291 speciei
838 1259 857 1281 a
886 1249 1030 1291 Harvey
1071 1250 1279 1291 distributa,
1317 1252 1573 1285 confusionem

63 1305 250 1348 quandam
277 1307 471 1350 irrepsisse
511 1309 691 1351 suspicor.
749 1309 842 1341 Tum
882 1320 1013 1352 nempe
1047 1320 1170 1342 veram
1210 1310 1373 1354 plantam
1396 1311 1464 1344 hoc
1490 1312 1572 1345 loco

59 1363 293 1406 descriptam,
330 1367 406 1397 tum
436 1367 623 1409 specimen
651 1365 936 1399 stichidiiferum
971 1368 1004 1400 S.
1038 1367 1222 1407 Victoriae,
1260 1369 1295 1401 in
1334 1380 1415 1402 mea
1440 1370 1572 1403 collec-

58 1421 158 1453 tione
186 1420 309 1454 habui.
360 1424 453 1455 ⁸<unt
487 1425 611 1455 onmia
643 1424 817 1467 adspectu
853 1428 908 1457 sat
941 1425 1074 1458 similia
1109 1430 1145 1458 et
1172 1437 1217 1458 ex
1245 1427 1372 1460 eodem
1400 1428 1482 1462 loco
1509 1440 1572 1462 na-

56 1481 121 1513 tali
148 1483 425 1524 provenientiag
465 1485 676 1517 accuratius
715 1495 802 1517 vero
841 1486 1006 1528 inspecta
1033 1487 1140 1518 etiam
1170 1488 1264 1519 sicea
1290 1489 1491 1531 specimina
1517 1489 1571 1521 di-

57 1540 247 1583 stinguere
274 1540 372 1573 licet.

55 1655 91 1694 5.
141 1655 182 1694 S.
213 1670 375 1696 TENERA
406 1657 546 1707 (Harr.
584 1658 687 1696 Mar.
725 1660 809 1698 Boi.
848 1661 893 1708 of
934 1660 1043 1698 lVest.
1081 1660 1214 1698 Λυδήν.
1245 1673 1305 1700 nco
1337 1660 1434 1710 116)
1467 1662 1572 1701 elata

162 1723 248 1762 fere
277 1728 361 1764 tota
391 1726 585 1765 corticata
622 1726 780 1765 inferne
811 1727 1132 1773 subdichotoma,
1164 1741 1338 1780 superne
1369 1729 1568 1781 pinnatim

171 1791 646 1844 decomposito-ramosa‚
678 1794 799 1832 ramis
836 1794 1106 1833 teretius-culis
1138 1795 1361 1835 minoribus
1392 1796 1569 1835 fructife-

164 1858 299 1909 risque
329 1859 524 1899 interiore
555 1861 680 1899 latere
713 1862 955 1907 secundatis,
978 1861 1160 1913 apicibus
1185 1867 1226 1901 et
1247 1863 1412 1902 ramulis
1440 1864 1568 1903 ultimi

162 1925 315 1964 ordinis
346 1927 594 1979 ancipitibus
625 1929 846 1967 articulatis
886 1928 1127 1968 mollissime
1165 1930 1426 1981 penicillatis,
1456 1932 1568 1983 peni-

165 1991 351 2031 cillorum
383 1993 461 2032 filis
491 1995 646 2033 alterne
676 1996 724 2034 ad
757 1995 945 2047 genicula
976 1996 1278 2047 egredientibus
1304 1996 1569 2050 simplicibus,

163 2058 343 2098 articulis
388 2073 590 2099 ramorum
635 2062 908 2114 inconspicuis
956 2063 1172 2115 superficie
1220 2064 1464 2111 reticulatis,
1509 2078 1569 2103 ra-

163 2126 363 2165 mulorum
395 2126 512 2165 nudis
543 2127 886 2180 heterosiphoniis
917 2129 1115 2169 diametro
1147 2130 1383 2181 aequalibus,
1432 2131 1567 2170 stichi-

166 2194 242 2232 diis
273 2193 468 2233 interiore
508 2194 631 2233 latere
669 2195 916 2235 ramulorum
955 2197 1260 2236 subsecundatis
1300 2197 1568 2249 oblongo-co-

166 2260 281 2299 nicis.

145 2340 268 2382 Dasya
296 2343 422 2374 tenera,
447 2339 566 2374 Harv.
593 2340 615 2374 Z.
641 2350 669 2374 c.
695 2340 735 2374 in
763 2339 895 2374 Trans.
916 2339 1030 2375 Irz'sh.
1054 2341 1169 2375 Acad.
1194 2340 1266 2376 Vol.
1283 2341 1567 2386 XXI1.10.543!

146 2399 290 2431 Exsicc.
315 2396 434 2432 Harv.
463 2399 544 2443 Alq.
573 2399 703 2433 Austr.
730 2408 788 2432 wo
814 2399 896 2433 209!

161 2481 263 2521 Hab.
296 2481 337 2520 in
370 2494 522 2522 oceano
561 2483 724 2521 australi
769 2483 819 2521 ad
863 2482 974 2521 littus
1018 2495 1134 2521 novae
1179 2482 1411 2521 Hollandiae
1440 2495 1567 2535 prope

53 2548 285 2587 Fremantle
316 2553 356 2588 et
386 2550 482 2588 Port
511 2549 673 2602 Philipp
704 2549 918 2602 (Harveyl)

145 2639 261 2671 Frons
287 2634 362 2671 sere
390 2639 510 2682 peda-li
546 2639 781 2682 longitudine
820 2639 1002 2682 elongata,
1035 2643 1099 2673 aut
1132 2641 1281 2673 brevior
1307 2642 1342 2672 et
1367 2640 1565 2673 latitudine

54 2697 171 2739 magis
205 2707 375 2740 expansa,
413 2699 581 2730 crassitie
619 2709 747 2741 pennae
774 2698 994 2731 columbina*
1020 2700 1057 2731 in
1084 2700 1157 2731 ima
1182 2700 1295 2741 parte,
1322 2699 1457 2730 sensim
1484 2708 1563 2731 sur-

55 2764 134 2786 sum
162 2757 363 2795 attenuata,
401 2756 544 2788 inferne
581 2757 656 2788 fere
695 2756 918 2793 dichotoma.
957 2766 1116 2799 superne
1149 2756 1356 2789 evidentius
1382 2757 1562 2800 pinnatim

54 2821 210 2851 ramosa,
235 2813 398 2856 apicibus
425 2813 653 2854 mollissime,
678 2815 717 2847 in
744 2814 934 2847 nonnullis
960 2815 1022 2846 vix
1049 2815 1246 2859 conspicue
1260 2815 1562 2858 penicillatis,re-
