1728 3110
65 103 401 156 Aeanthofflmra.
684 100 967 142 RuononELEAE.
1499 103 1522 144 8
1536 103 1553 143 1
1568 104 1589 143 7

64 232 199 277 villel)
231 232 281 270 ad
312 231 545 270 Americam
576 234 657 269 tum
690 233 907 271 australem
940 235 1008 281 (ad
1039 234 1268 282 Brasiliam‚
1285 234 1362 274 Hb.
1383 235 1590 287 Agardhl)

64 302 146 337 tum
178 298 386 337 borealem
420 298 486 344 (ad
521 298 609 350 Key
639 297 762 336 West
790 299 981 346 Florida»,
1016 301 1232 353 Hal-veyli.

156 389 324 422 Frondes
352 400 372 422 a
400 389 510 432 plexu
541 389 695 421 radicali
721 389 1002 431 adscendentes,
1052 394 1219 435 cassspites
1245 394 1489 427 fruticulosos
1516 395 1591 428 for-

66 450 218 487 mantes,
255 457 276 479 a
317 447 453 490 quibus
491 446 648 489 singula>
688 446 1025 489 subpyramidatim
1053 451 1314 482 ramosissimae
1342 453 1480 484 sensim
1507 463 1591 495 pro-

64 505 268 548 longantur
306 504 411 537 eaule
452 505 642 548 ramisque
680 505 945 542 conformibus„
984 517 1142 549 pennam
1178 510 1404 550 passer-inam
1443 511 1591 542 circiter

66 574 204 603 crassae,
242 562 505 603 teretiusculae,
542 572 639 595 nova
677 563 772 595 serie
810 573 998 595 ramorum
1037 565 1227 608 spinisque
1267 568 1403 609 sparsis
1443 568 1591 600 demum

66 620 359 654 obsoletioribus
393 619 535 653 obsitae.
585 621 692 653 Rami
726 630 1024 664 quoquoversum
1053 624 1089 653 et
1116 622 1371 666 subpinnatim
1398 625 1591 668 egredien-

66 681 131 719 tes,
159 688 226 711 suo
254 678 384 711 ordine
412 679 554 721 spinosi
581 681 617 710 et
644 678 837 711 ramulosi.
887 680 1008 721 Spinae
1036 680 1248 723 ramulique
1274 682 1460 723 simplices
1482 684 1591 715 mixti

67 739 102 769 et
126 737 286 768 invicem
314 736 493 779 subaeque
521 736 717 776 distantesy
744 737 796 769 ita
816 738 858 768 ut
872 737 1005 769 ramuli
1020 747 1093 770 non
1112 738 1148 770 in
1164 739 1280 771 axilla
1295 741 1483 782 spinarum
1499 741 1593 773 axil-

65 795 162 827 lares
189 795 253 827 sed
282 795 590 838 supra-axillares
616 799 865 837 generantur3
894 795 1029 828 ramuli
1048 796 1208 840 denique
1225 798 1339 840 spinis
1362 798 1593 841 simplicibus

68 852 269 895 subspirali
296 852 426 885 ordine
453 852 607 885 alternis
633 853 820 885 instructi.
848 854 969 896 Spin-ae
991 853 1162 895 juniores
1191 858 1360 898 patentes
1386 866 1406 887 a
1435 856 1514 888 basi
1536 866 1594 888 co-

66 911 148 942 nica
185 910 296 953 longe
335 911 555 943 acuminatae
592 913 627 942 et
665 911 716 943 ita
753 911 828 943 sere
867 912 1058 950 subulata‘,
1099 913 1337 955 longitudine
1368 923 1434 946 sua
1459 914 1594 946 ramuli

68 968 292 1001 diametrum
318 969 355 1000 in
384 979 459 1012 quo
486 969 650 1001 insident
676 972 885 1013 aequantes·7
912 970 1118 1003 adultiores
1147 973 1263 1014 magis
1289 971 1408 1004 adhuc
1428 974 1597 1014 patentes

68 1028 104 1058 et
129 1026 205 1059 fere
233 1026 496 1067 horizontales,
524 1027 689 1059 breviori
716 1029 887 1059 acumine
914 1029 1106 1060 instructa*
1134 1031 1169 1061 et
1198 1030 1315 1072 magis
1337 1030 1471 1061 conicae
1486 1040 1597 1072 quam

68 1085 262 1125 subulatae,
299 1086 393 1118 rami
432 1085 658 1118 diametrum
698 1096 770 1118 non
811 1089 1002 1128 aequantes
1028 1086 1275 1129 longitudine.
1324 1087 1597 1130 Sphaerosporae

70 1144 108 1175 in
148 1143 305 1176 ramulis
345 1143 565 1183 minoribus,
600 1143 746 1176 steriles
774 1143 1050 1183 aemulantibus,
1078 1155 1209 1188 nempe
1236 1146 1310 1177 ima
1336 1145 1416 1177 basi
1444 1145 1599 1177 nudius-

71 1201 174 1242 culis,
202 1201 286 1234 dein
313 1204 484 1244 patenter
515 1203 685 1245 spinosis,
712 1203 813 1244 apice
841 1201 1124 1245 hemisplucrico
1141 1203 1417 1241 subinarmatis,
1438 1203 1597 1235 evolutae

72 1261 150 1292 tum
187 1263 333 1303 partem
361 1270 586 1302 supremam,
613 1263 690 1292 tuin
718 1260 933 1292 inferiorem
961 1261 1149 1303 spinosam
1179 1264 1414 1304 occupantes.
1464 1259 1596 1303 Cysto-

71 1318 196 1361 carpia
221 1318 317 1350 infra
342 1319 485 1361 apicem
513 1318 749 1351 ramulorum
776 1328 1043 1361 ramorumque
1072 1319 1256 1351 minorum
1280 1320 1358 1358 sita,
1374 1319 1479 1361 spina
1495 1318 1600 1350 unica

71 1377 136 1408 aut
172 1376 346 1419 pluribus
388 1377 538 1410 suffulta
575 1379 694 1417 ovata,
732 1376 921 1409 ramulum
960 1378 997 1409 in
1038 1387 1112 1420 quo
1150 1377 1293 1410 scssilia
1330 1377 1512 1409 diametro
1540 1385 1599 1408 su-

70 1435 252 1478 perantia.

164 1505 396 1547 Synonymia
433 1505 569 1547 speciei
607 1504 810 1537 admodum
849 1505 1035 1537 intricata.
1084 1503 1150 1537 Ae.
1178 1504 1404 1537 ramulosam
1429 1503 1538 1536 Kiitz.
1565 1504 1601 1535 et

72 1560 138 1594 Ac.
177 1561 312 1595 Delilei
348 1562 461 1595 Harv.
499 1562 584 1595 Ner.
623 1565 718 1603 (nee.
753 1562 867 1603 alior)
893 1563 937 1595 ad
966 1562 1059 1595 hanc
1086 1564 1245 1606 speciem
1272 1564 1459 1606 pertinere
1486 1562 1601 1605 spe-ci-

72 1620 235 1653 minibus
275 1621 429 1653 edoctus
468 1622 533 1653 fui.
583 1621 650 1654 Ac.
690 1621 863 1654 militaris
901 1622 1072 1654 Lamour.
1115 1621 1259 1654 nullum
1300 1622 1485 1663 specimen
1512 1619 1601 1660 vidi,

72 1680 235 1711 attamen
274 1678 505 1711 characteres
543 1680 580 1711 in
618 1680 724 1712 icone
765 1681 932 1723 expressi
962 1680 1027 1712 vix
1054 1679 1098 1712 de
1125 1679 1323 1712 identitate
1350 1679 1463 1711 dubia
1489 1678 1601 1710 relin-

73 1739 208 1779 quunt.
257 1737 377 1769 Fucus
403 1736 707 1780 acanthophorus
735 1738 862 1777 Turn„
887 1737 932 1770 ab
960 1737 1158 1780 Agardhio
1184 1737 1257 1770 huc
1284 1736 1435 1775 relatus,
1461 1735 1505 1768 ad
1532 1735 1598 1767 Ac.

72 1793 209 1826 Delilei
235 1796 423 1838 pertinere
450 1796 632 1838 suspicor.
682 1796 720 1828 F.
759 1795 970 1828 inuscoides
997 1796 1034 1828 L.
1062 1795 1131 1827 linc
1157 1805 1287 1827 revera
1313 1795 1498 1838 pertinere
1526 1803 1601 1824 cer-

74 1853 155 1884 tum
181 1852 329 1885 videtur
356 1853 439 1894 (cfr.
469 1851 537 1896 Ay.
564 1851 629 1895 Sp.
657 1855 691 1886 et
714 1851 814 1886 Icon.
841 1852 863 1885 l.
890 1854 956 1896 c.);
982 1854 1167 1896 specimen
1195 1852 1306 1895 hujus
1332 1863 1353 1884 a
1378 1852 1460 1885 loco
1488 1850 1603 1883 natali

73 1909 261 1943 Linneano
289 1913 440 1955 quoqiie
466 1912 674 1955 reportavit
699 1912 884 1944 Durville.

75 2071 114 2111 2.
144 2071 218 2111 Ac.
248 2072 419 2111 DELILEI
450 2072 653 2122 (Lamour.
684 2072 771 2110 Ess.
794 2085 836 2119 2).
867 2071 952 2119 44.)
990 2070 1228 2109 frutieulosa
1256 2067 1377 2108 ramis
1408 2067 1602 2116 cauleque

188 2140 466 2179 eonformibus
504 2139 631 2191 spinis
663 2139 812 2191 sparsis
843 2137 1097 2189 simplicibus
1130 2135 1293 2174 armatis
1324 2133 1602 2186 pinnatimque

185 2207 371 2253 ramosis,
414 2205 582 2245 ramulis
614 2218 668 2243 ex
698 2205 827 2243 axilla
859 2205 1065 2256 spinarum
1097 2202 1337 2241 axillaribus
1369 2201 1492 2239 dense
1523 2197 1601 2249 spi-

187 2274 313 2320 nosis,
345 2273 472 2325 spinis
505 2272 753 2311 ramulorum
786 2271 1054 2310 adultioribus
1085 2269 1316 2321 patentibus
1347 2264 1601 2306 comico-sub-

188 2341 322 2386 ulatis,
354 2339 554 2379 stichidiis
586 2337 826 2378 axillaribus
858 2335 1190 2389 subpedicellatis
1220 2334 1349 2374 ovatis
1380 2332 1601 2371 inermibus

190 2412 259 2446 aut
302 2409 494 2459 adpresse
532 2410 573 2445 et
603 2406 783 2445 molliter
812 2404 1000 2457 spinosis,
1032 2401 1295 2454 eystocarpiis
1327 2412 1440 2438 secus
1470 2409 1602 2436 ramos

191 2474 371 2513 minores
402 2473 574 2519 seriatis,
619 2473 660 2511 in
695 2471 824 2510 axilla
855 2470 982 2522 spinae
1014 2468 1235 2513 sessilibus‚
1267 2462 1600 2517 globoso-ovatis.

171 2563 463 2607 Acanthophora
502 2563 629 2597 Delilii
667 2561 845 2596 Lamour.
884 2559 906 2592 l.
944 2556 1012 2591 c.!!
1049 2556 1155 2590 Grev.
1193 2554 1274 2597 Aly.
1312 2552 1407 2586 Brit.
1445 2550 1534 2593 Syn.
1562 2561 1604 2594 p.

82 2619 194 2654 LIV!
230 2621 372 2654 Decsne
408 2619 468 2653 Pl.
506 2619 549 2653 de
588 2618 721 2652 l'arab.
753 2628 794 2660 p.
821 2618 904 2650 185!
932 2615 964 2649 J.
993 2614 1061 2657 Ay.
1089 2613 1169 2655 Azy.
1195 2621 1287 2644 mar.
1313 2609 1431 2642 incdit.
1452 2618 1493 2650 p.
1521 2609 1604 2641 147!

83 2678 154 2723 Ky.
192 2679 306 2722 Phyc.
339 2688 462 2723 yener.
502 2678 575 2712 tab.
614 2680 668 2712 52.
696 2677 763 2721 fiy.
800 2677 832 2709 4.
870 2674 935 2717 Sp.
963 2673 1044 2716 Aly.
1065 2681 1105 2713 p.
1132 2671 1215 2704 858!
1244 2667 1410 2701 Zanard.
1431 2667 1485 2709 pl.
1510 2676 1604 2700 mar.

82 2736 186 2771 rubr.
206 2747 248 2780 p.
273 2737 332 2770 48!

175 2798 296 2830 Fucus
322 2793 624 2836 acanthophorus
654 2791 770 2825 Turn.
796 2790 897 2824 Hist.
926 2787 996 2822 tab.
1023 2787 1065 2820 32
1092 2785 1204 2826 (exal.
1231 2783 1354 2825 syn.)‘?

178 2853 367 2887 Chondria
393 2851 521 2885 Delilii
548 2848 616 2893 Ay.
642 2849 707 2892 Sp.
734 2848 816 2892 Aly.
842 2847 875 2881 I.
895 2855 936 2889 2⁹-
963 2845 1029 2879 363
1055 2845 1088 2877 et
1111 2841 1210 2884 Syst.
1229 2849 1270 2882 p.
1297 2840 1380 2873 209!
