1728 3110
159 113 174 153 ²1
194 111 211 152 1
228 110 281 152 12
777 106 1063 149 RfloDoMELEAE.
1454 112 1672 155 Aquam-ia,

153 243 253 274 secta
289 241 454 284 adparet,
492 240 647 273 cellulas
684 237 751 271 has
790 248 869 270 esse
907 248 972 281 per
1005 237 1098 270 duas
1125 239 1249 277 series,
1275 239 1320 272 ab
1347 249 1423 272 uno
1449 238 1493 272 ad
1520 238 1677 272 alterum

158 301 365 343 marginem
393 303 647 338 excurrentes,
674 299 819 331 cellulis
847 300 1042 341 utriusque
1077 299 1186 330 seriei
1212 298 1497 337 alternantibus,
1523 297 1680 341 disposi-

154 363 219 399 tas,
246 361 352 391 extus
379 359 493 391 nullis
520 358 666 391 cellulis
695 358 902 390 minoribus
930 360 1067 399 tectas·7
1094 357 1198 389 frons
1224 358 1351 401 itaque
1379 346 1680 389 strato‘eorticali

155 420 266 449 caret.
294 418 331 450 Si
358 428 379 449 a
405 417 598 460 superficie
625 416 795 448 frondem
823 416 1043 458 inspexeris
1070 425 1180 447 zonas
1207 414 1368 458 duplicis
1394 414 1541 457 generis
1556 414 1680 447 videre

155 475 334 516 crederes,
361 486 494 518 nempe
521 475 668 508 cellulis
694 474 931 518 longioribus
959 474 1181 506 constitutas
1210 484 1294 505 cum
1322 472 1415 514 aliis,
1437 482 1595 516 quarum
1613 472 1681 505 cel-

155 533 241 566 lulae
279 534 482 573 breviores,
522 533 771 577 alternantes-7
812 533 881 565 hoc
919 534 1041 564 autem
1083 534 1228 564 tantum
1267 532 1509 575 adparenter3
1542 530 1681 564 cellulae.

158 594 256 625 enim
296 584 406 625 unius
446 593 600 635 paginae,
640 602 751 635 supra
790 591 945 624 cellulas
983 590 1140 623 alterius
1176 590 1364 634 paulisper
1389 591 1561 625 eminent.
1591 588 1626 621 h.
1653 599 1681 621 e.

159 662 260 685 zonae
287 652 398 683 unius
426 652 568 694 paginae
596 661 669 683 non
697 652 849 683 omnino
876 660 893 681 e
921 650 1073 692 regione
1111 650 1242 692 positae
1281 650 1354 681 sint
1383 648 1549 680 alterius.
1597 648 1682 680 Pars

160 711 304 743 minuta
330 709 474 743 cellulae
501 710 824 752 supereminentis,
852 719 917 752 per
942 708 1114 741 frondem
1141 707 1367 750 pellucidam
1387 707 1563 750 inspecta,
1578 716 1683 739 zona-

160 779 241 801 rum
268 768 486 801 breviorum
515 769 673 810 speciem
702 767 833 800 falsam
860 766 1046 810 producit.
1097 766 1139 798 In
1168 765 1291 798 media
1323 765 1455 797 fronde
1488 766 1588 797 intra
1615 765 1683 798 cel-

160 827 267 867 lulas,
294 838 375 870 quae
403 836 514 860 zonas
542 826 716 866 efficiunt,
745 825 882 857 sensim
910 826 1030 857 oritur
1057 825 1171 856 series
1205 824 1329 856 frondi
1365 823 1542 867 parallela
1575 823 1685 856 cellu-

160 887 292 927 larum,
320 897 401 929 quae
428 885 520 918 tubo
547 885 703 917 ceutrali
741 883 1019 927 Polysiphoniae
1058 883 1225 926 analogae
1264 882 1544 915 considerandae
1582 885 1686 925 sunt3

163 948 249 979 sunt
288 944 541 978 exterioribus
579 944 827 986 angustiores
865 943 983 985 ipsius
1022 944 1131 975 costae
1164 942 1336 985 spatium,
1376 941 1439 973 sed
1478 942 1515 973 in
1544 940 1688 983 lamina,

164 1006 399 1048 occupantes,
468 1003 577 1036 Costa
618 1004 654 1034 in
688 1001 846 1043 ,iuvenili
886 1001 1028 1039 fronde,
1066 1011 1086 1033 a
1124 1000 1317 1043 superficie
1345 1000 1520 1042 inspecta,
1547 999 1688 1033 cellulis

165 1066 275 1109 paulo
301 1063 580 1104 angustioribus
607 1065 642 1094 et
668 1061 906 1094 densioribus
934 1062 1104 1093 constare
1131 1059 1301 1102 adparet3
1337 1058 1481 1091 cellulae
1507 1059 1585 1091 istae
1612 1069 1688 1091 sen·

168 1126 236 1157 sim
264 1133 422 1156 numero
451 1124 638 1164 augentur
665 1114 700 1152 e't
728 1123 885 1153 stratum
926 1119 1101 1152 corticale
1139 1129 1252 1162 snpra
1290 1119 1485 1162 primarias
1512 1118 1688 1161 efficiunt3

166 1186 269 1215 costa
294 1181 363 1214 hoc
391 1180 501 1213 modo
530 1181 564 1212 in
594 1179 726 1212 fronde
753 1178 860 1211 senili
888 1179 1065 1221 utrinque
1087 1178 1223 1209 eximie
1239 1176 1462 1220 prominula,
1479 1175 1688 1209 evolutione

167 1241 274 1273 strati
302 1238 500 1277 corticalis,
527 1237 627 1281 qnod
655 1238 692 1269 in
721 1238 802 1280 ipsa
828 1236 965 1269 lamina
992 1235 1238 1273 desideratur,
1266 1236 1399 1268 oritur.
1437 1235 1548 1267 Venae
1576 1236 1689 1267 trans-

167 1297 332 1330 versales
359 1296 471 1329 nulla}
499 1296 728 1339 conspicuae-3
757 1295 940 1327 divisione
973 1295 1264 1327 interstitiorum
1296 1293 1406 1336 paulo
1434 1293 1532 1325 int-ra
1558 1293 1689 1335 margi-

168 1367 261 1395 nem,
288 1358 324 1387 et
350 1355 454 1387 novis
482 1353 686 1395 interjectis
713 1353 868 1393 cellulis,
895 1353 1024 1386 dentes
1052 1354 1188 1385 sensim
1222 1354 1324 1385 costa
1348 1351 1613 1394 longitudinali
1638 1351 1689 1384 in-

169 1415 301 1447 structi
329 1414 523 1457 adparent.

262 1474 371 1506 Brevi
398 1473 569 1515 diagnosi
596 1473 633 1504 in
660 1474 870 1514 systemate
903 1471 1086 1513 Algarum
1126 1471 1298 1510 indicata,
1327 1470 1395 1503 sub
1422 1480 1520 1503 novo
1546 1470 1689 1502 nomine

169 1543 189 1564 a
221 1532 368 1573 Harrcy
395 1531 582 1574 descripta
620 1530 690 1562 suit
717 1533 752 1561 et
778 1529 822 1561 ad
863 1539 981 1571 genus
1018 1528 1235 1561 Delesscriae
1263 1529 1391 1561 relata.
1441 1529 1482 1561 In
1509 1526 1691 1571 Symbolis

171 1591 331 1633 speciem
359 1589 616 1631 Harveyanam
643 1588 689 1620 ad
715 1588 943 1625 Amansiam,
975 1586 1086 1629 juxta
1119 1587 1202 1620 Am.
1230 1587 1485 1630 glomeratam,
1511 1586 1633 1627 retuli,
1657 1587 1691 1618 at

172 1649 341 1681 locorum
369 1648 548 1680 natalium
579 1648 757 1680 distantia.
782 1647 958 1679 inductus
985 1651 1185 1690 utramque
1224 1647 1384 1690 speciem
1425 1647 1581 1679 seorsim
1607 1655 1692 1678 enu-

175 1708 326 1740 meravi.
377 1706 610 1748 Comparatis
638 1705 747 1738 hodie
775 1705 944 1748 pluribus
971 1705 1237 1748 speciminibus
1271 1704 1412 1737 nullam
1451 1704 1692 1737 differentiam

178 1766 346 1798 invenire
374 1764 486 1797 valui.

265 1824 306 1856 In
334 1834 463 1866 opere:
503 1819 619 1854 Class.
657 1820 721 1854 (les
752 1820 901 1863 AIques,
939 1824 1019 1853 tum
1056 1830 1207 1865 quoque
1246 1822 1281 1852 in
1321 1821 1507 1853 anteriore
1545 1817 1619 1862 (Pl.
1653 1816 1693 1851 de

174 1879 337 1923 l'Arab.)
374 1880 621 1924 Rytiphlaeam
664 1880 883 1913 undulatam
923 1880 1143 1912 memoravit
1179 1880 1369 1919 Decaisne,
1405 1879 1461 1911 cui
1501 1887 1692 1921 synonym.

179 1941 263 1974 Am.
290 1941 498 1983 glomerata
525 1950 600 1972 var.
626 1939 697 1981 Ag.
725 1939 962 1972 adscribitur.
991 1938 1086 1980 Quid
1117 1939 1163 1970 sit
1189 1937 1276 1976 haic,
1304 1936 1393 1969 mihi
1421 1937 1529 1980 latet3
1555 1946 1620 1969 nec
1635 1935 1693 1968 de-

180 2001 356 2043 scriptam
384 2008 463 2030 esse
490 1999 589 2031 novi.

177 2115 214 2154 2.
248 2114 297 2153 A.
327 2125 544 2151 MULTIFIDA
575 2112 776 2162 (Lamour.
806 2112 942 2149 Journ.
974 2111 1074 2149 Phil.
1104 2123 1165 2149 wo
1182 2111 1247 2158 20,
1267 2110 1371 2149 1809
1380 2123 1421 2158 20.
1437 2110 1538 2159 332)
1556 2108 1693 2148 fronde

289 2180 507 2219 ecorticata
536 2179 694 2224 lineari,
725 2179 884 2217 inferne
917 2178 1049 2216 valide
1081 2182 1247 2225 costata,
1272 2178 1469 2229 pinnatim
1494 2175 1694 2216 subdivisa

289 2251 329 2286 et
372 2245 738 2299 prolificationibus
780 2258 803 2283 a
833 2249 944 2284 costa
991 2245 1292 2296 emergentibus
1337 2245 1485 2297 sparsis
1529 2253 1693 2288 ramosa,

290 2314 473 2366 margine
516 2314 670 2351 alterne
714 2312 1067 2364 serrato-pinnata,
1111 2312 1245 2363 pinnis
1287 2311 1545 2363 pinnulisque
1584 2310 1694 2363 apice

291 2380 469 2419 incurvis
510 2379 730 2418 linearibus
759 2379 800 2416 in
843 2378 1031 2417 stichidia
1072 2378 1242 2416 linearia
1283 2378 1464 2417 involuta
1505 2382 1693 2416 transmu-

291 2447 397 2487 tatis.

276 2528 457 2562 Amansia
482 2526 665 2559 multifida
690 2523 866 2558 Lamour.
894 2522 915 2556 l.
942 2532 970 2555 c.
998 2521 1069 2556 tab.
1097 2523 1117 2556 6
1135 2521 1201 2566 fiq.
1230 2521 1266 2557 Ο.
1293 2523 1341 2557 D.
1359 2521 1417 2556 E!
1441 2523 1508 2566 Ay.
1535 2520 1598 2565 Sp.
1615 2519 1693 2565 Azy.

183 2588 217 2623 I.
238 2596 277 2631 p.
304 2587 380 2620 192.
407 2584 506 2628 Syst.
528 2594 568 2626 p.
596 2584 676 2617 247!
702 2582 822 2616 Harv.
848 2580 937 2615 Ner.
964 2580 1053 2615 Bor.
1081 2581 1203 2615 Amer.
1224 2591 1264 2624 p.
1294 2582 1353 2615 13!

279 2643 503 2680 Odonthalia
529 2642 713 2676 multifida
738 2639 849 2674 Encll.
877 2638 965 2673 Gen.
992 2639 1123 2682 Suppz.
1149 2638 1227 2673 ΙΙΙ.
1248 2648 1289 2682 p.
1315 2640 1371 2672 47.

278 2702 519 2746 Epineuron‘?
546 2701 772 2734 multifidum
799 2697 911 2732 Kutz.
939 2696 1004 2740 Sp.
1029 2707 1066 2740 p.
1094 2697 1180 2731 848!

279 2762 429 2794 ⁴?Fucus
455 2759 615 2792 lineatus
644 2757 758 2791 Turn.
784 2755 883 2790 Hz'st.
910 2754 1001 2789 Fue.
1028 2754 1100 2789 tab.
1127 2756 1208 2789 201!

280 2820 524 2862 ¹?Epineuron
549 2817 729 2850 lineatum
754 2813 870 2849 Hook.
898 2816 931 2847 et
954 2812 1073 2848 Harv.
1100 2813 1182 2857 Aly.
1202 2811 1294 2847 Nov.
1310 2810 1439 2845 Zel.in
1451 2804 1693 2844 Hook.Lond.

190 2876 320 2912 Journ.
344 2875 408 2912 IV
422 2885 462 2919 p.
489 2877 571 2910 532!
596 2874 715 2909 Harv.
741 2873 829 2909 Ner.
857 2872 988 2908 Austr.
1008 2882 1049 2916 p.
1076 2874 1134 2907 27!
1160 2871 1272 2906 Kutz.
1300 2870 1364 2914 Sp.
1384 2879 1424 2912 p.
1450 2870 1532 2903 848!
