1728 3110
94 101 117 141 8
127 101 184 141 44
716 95 1001 137 ΡιΗοῡοΜΕιΕΛῑ.
1414 97 1616 152 Βίρεηεα,

201 226 295 264 lulis
348 235 495 276 nempe
539 223 658 263 sub-8
704 223 811 262 circa
856 223 1079 262 centralem
1130 223 1171 261 in
1217 223 1357 263 orbem
1409 222 1617 275 dispositis

200 290 554 341 subaequelongis,
593 290 936 340 corticalibusque
977 289 1256 328 conformibus
1293 294 1334 327 at
1369 289 1495 327 series
1535 288 1617 326 cel-

200 358 372 395 lularum
404 357 607 395 minorum
640 352 957 403 continentibus,
989 356 1233 395 constitutis.
1298 355 1534 393 Keramidia
1565 384 1574 393 .
1608 384 1616 393 .

199 452 413 462 ......
448 423 731 470 Splecemsporoe
772 423 811 461 in
851 423 1035 474 apicibus
1074 422 1322 461 ramulorum
1362 420 1619 459 mollioribus

200 490 712 540 ven-ucoso-inaequalibus
730 489 995 528 circumcirca
1024 488 1246 541 dispositae,
1271 489 1312 526 in
1339 488 1520 527 articulis
1539 488 1618 526 sin-

200 556 321 607 gulae,
352 556 558 607 triangule
588 556 744 595 divisae.

200 624 385 662 Frondes
431 623 545 673 quasi
592 622 708 660 caule
754 626 794 660 et
837 622 1003 659 ramulis
1049 621 1336 672 heterogeneis
1375 621 1618 660 constitutae.

92 690 231 729 Caulis
270 703 428 728 crassus
466 701 659 727 carnosus
698 701 801 739 vage
839 700 1036 733 ramosus,
1075 687 1198 725 ramis
1228 687 1368 739 paucis
1400 687 1620 726 conformi-

91 757 179 803 bus,
225 756 519 802 inarticulatus,
565 755 725 793 cellulis
771 767 920 806 nempe
965 753 1228 793 interioribus
1273 754 1495 805 angulatis,
1540 767 1621 793 non

91 823 334 875 regulariter
365 836 386 861 e
417 824 588 874 regione
626 822 784 874 positis,
827 826 868 859 et
908 821 1183 860 exterioribus
1213 820 1470 859 brevioribus
1501 820 1622 859 corti-

92 890 247 928 calibus
278 894 509 936 contextus,
541 889 700 927 inferne
733 888 885 927 sensim
916 887 1156 932 denudatus,
1188 898 1363 938 superne
1393 898 1466 938 per
1495 890 1622 925 totam

92 956 391 1007 longitudinem
430 956 597 994 ramulis
629 955 884 994 densissimis
916 954 1099 999 crinitus,
1130 958 1199 992 aut
1230 954 1396 992 ramulis
1427 966 1500 1005 per
1530 967 1623 1006 spa-

92 1024 148 1061 tia
178 1023 437 1061 densioribus
468 1023 598 1062 nodos
630 1023 798 1061 crinitos
830 1026 870 1060 et
900 1021 1116 1059 intervalla
1147 1021 1350 1059 denudata
1381 1025 1622 1060 monstrans.

95 1090 253 1128 Ramuli
286 1091 398 1129 nullo
431 1090 652 1141 conspicuo
686 1089 829 1127 ordine
860 1087 1449 1140 provenientes,circumcirca
1468 1088 1623 1126 densis-

91 1156 198 1202 simi,
225 1154 415 1208 ’pateutes
448 1160 487 1194 et
516 1155 801 1207 patentissimi‚
829 1155 957 1192 lineas
989 1166 1138 1206 paucas
1173 1158 1242 1192 aut
1274 1166 1399 1205 usque
1430 1154 1623 1206 pollicem

91 1222 218 1274 longi,
264 1226 391 1260 setam
437 1222 600 1260 circiter
637 1222 775 1267 crassi,
815 1221 953 1272 rigidi,
992 1221 1157 1272 plurimi
1196 1221 1416 1273 simplices,
1458 1221 1526 1259 alii
1558 1220 1625 1259 hic

92 1289 177 1327 illic
221 1289 392 1328 ramello
440 1289 640 1327 conformi
688 1288 832 1334 obsiti,
886 1300 1029 1326 omnes
1075 1287 1279 1326 articulati
1324 1287 1624 1339 polysiphonii;

91 1356 285 1408 siphones
328 1356 621 1407 pei-icentrales
667 1355 830 1393 circiter
875 1354 919 1399 8,
975 1357 1093 1392 extus
1139 1354 1289 1392 sensim
1334 1354 1518 1406 pluribus
1562 1367 1623 1392 se-

90 1422 228 1461 riebus
267 1423 507 1460 cellularum
547 1422 899 1461 concentricarum
939 1421 1076 1467 cincti,
1109 1420 1275 1458 extimis
1306 1420 1552 1472 positionem
1585 1425 1625 1458 et

90 1490 177 1527 fere
221 1490 361 1529 tubum
406 1489 643 1541 primarium
691 1489 968 1534 servantibus,
1008 1492 1049 1526 at
1085 1488 1191 1526 intra
1228 1488 1336 1526 hunc
1373 1488 1414 1525 in
1455 1488 1624 1526 cellulas

93 1557 445 1608 longitudinaliter
476 1562 516 1595 et
546 1557 871 1595 transversaliter
903 1557 1071 1594 seriatas
1103 1555 1334 1594 subdivisis.

202 1623 454 1670 Keramidia,
486 1628 680 1674 quantum
713 1623 811 1669 scio,
844 1623 1023 1661 nondum
1057 1623 1284 1662 observata.
1318 1622 1622 1675 Sphaerosporae

92 1692 131 1729 in
170 1690 337 1728 ramulis
376 1703 518 1742 parum
558 1689 835 1727 transmutatis
868 1689 1066 1738 evolutae;
1106 1688 1250 1726 ramuli
1284 1688 1440 1726 fertiles
1472 1689 1621 1727 sensim

92 1757 209 1808 apice
241 1756 451 1795 molliores
483 1756 672 1801 evadunt,
712 1756 753 1793 in
785 1756 901 1807 apice
933 1755 1187 1793 increscente
1219 1754 1411 1792 nimirum
1443 1756 1622 1806 sphaero-

92 1835 232 1874 sporas
276 1826 534 1873 generantes,
577 1826 617 1860 et
654 1822 950 1861 maturantibus
988 1821 1283 1874 sphaerosporis
1322 1822 1622 1861 verrucoso-in-

92 1888 293 1939 aequales3
340 1888 635 1940 sphaerosporae
681 1888 944 1926 circumcirca
990 1888 1030 1926 in
1076 1888 1236 1926 cellulis
1284 1888 1622 1940 pericentralibus

92 1955 288 2001 evolutae,
326 1955 436 1993 linea
475 1955 679 2006 spiraliter
717 1955 993 1993 adscendente
1032 1955 1200 2005 oblique
1239 1955 1539 2007 supra-positae,
1580 1956 1620 1993 in

91 2022 272 2060 articulis
311 2023 406 2067 (hoc
443 2023 535 2061 loco
574 2022 846 2067 brevissimis)
885 2023 925 2060 ni
965 2022 1085 2061 fallor
1115 2023 1301 2074 singulae,
1333 2036 1356 2060 a
1386 2023 1493 2061 facie
1523 2023 1621 2061 visae

92 2088 270 2127 invicem
301 2089 462 2126 cellulis
493 2089 755 2127 corticalibus
786 2093 999 2140 separatae,
1031 2089 1234 2140 triangule
1266 2089 1420 2128 divisae.

204 2156 342 2195 Genus
374 2155 505 2194 unicae
536 2155 689 2207 speciei
715 2156 956 2205 jamdudum
988 2155 1268 2202 constitutum,
1299 2160 1340 2194 at
1369 2156 1499 2194 fructu
1521 2169 1620 2194 non-

91 2224 187 2262 dum
230 2222 308 2260 rite
352 2221 517 2273 cognito
564 2221 733 2259 ulterius
778 2221 1080 2271 inquirendum.
1155 2210 1218 2261 Ab
1266 2222 1476 2273 Agardhio
1515 2222 1621 2259 inter

92 2289 283 2327 Ptilotam
316 2291 356 2325 et
386 2286 614 2338 Polyidem‚
633 2299 654 2325 a
674 2287 883 2326 Grevilleo
916 2288 1103 2326 ultimum
1136 2288 1242 2326 inter
1271 2288 1484 2326 Florideas
1512 2300 1620 2339 pone

92 2354 331 2406 Cliampiam
372 2357 644 2392 enumeratur.
710 2353 912 2391 Decaisne
952 2352 1228 2405 Cladostepho
1259 2353 1492 2405 proximum
1524 2365 1618 2392 con-

91 2423 292 2461 siderasse
328 2421 501 2460 videtur.
571 2418 678 2459 Suhr
716 2421 1018 2473 sphaerosporas
1058 2421 1231 2467 detexit,
1268 2422 1414 2472 quibus
1445 2422 1620 2473 cognitis

90 2501 219 2540 genus
264 2488 315 2526 ad
360 2487 662 2527 Rhodomeleas
701 2487 741 2525 in
772 2487 888 2539 Algis
927 2488 1239 2526 mediterraneis
1276 2489 1410 2534 retuli,
1456 2487 1618 2526 Alsidio

92 2556 227 2606 (cujus
271 2555 453 2607 speciem
505 2555 789 2606 Bostrychiam
836 2559 932 2593 tunc
976 2556 1171 2607 temporis
1226 2555 1431 2607 cognitam
1478 2555 1617 2599 habui)

91 2625 336 2676 proximum.
394 2624 661 2662 Recentiores
693 2622 941 2674 systematici
974 2624 1119 2662 eodem
1151 2623 1237 2661 fere
1268 2623 1358 2662 loco
1390 2622 1618 2674 systematis

91 2693 405 2739 conservarunt3
450 2689 505 2728 ita
553 2688 733 2740 Ktitzing
776 2689 882 2726 inter
918 2689 1160 2741 Halopithys
1198 2693 1239 2727 et
1275 2688 1618 2741 Bryothamnion,

92 2756 252 2807 Harvey
290 2756 397 2794 inter
435 2755 707 2807 Rytiphlaeam
748 2759 787 2793 et
816 2755 1150 2807 Polysiphoniam
1182 2753 1285 2794 illud
1317 2755 1616 2807 disposuerunt.

93 2821 243 2869 Quales
274 2822 492 2860 affinitates
523 2822 892 2861 Rhodomelearum
918 2821 1042 2860 hodie
1067 2821 1270 2873 concipio,
1295 2821 1520 2872 Digeneam
1546 2821 1617 2858 Al-
