1728 3110
125 126 151 167 7
162 125 218 166 10
748 117 1028 162 WnANcELmAE.
1399 115 1649 176 Wranqelz'a.

216 253 362 297 Species
401 261 485 286 sane
525 251 753 295 nobilissima,
784 251 1023 293 magnitudine
1050 254 1085 285 et
1111 252 1284 295 penicillis
1311 252 1492 295 elongatis,
1518 247 1650 285 ambitu

125 314 366 356 cylindraceis,
399 313 518 345 statim
549 311 806 354 distinguenda,
842 311 1094 343 ramificatione
1132 312 1167 343 et
1202 310 1385 344 crescendi
1427 310 1530 343 modo
1571 317 1650 344 cum

124 371 329 412 Wrangeliis
357 372 473 403 tamen
500 371 548 403 ita
574 370 786 402 conveniens
814 371 850 401 ut
875 368 918 401 de
943 377 1070 409 genere
1095 370 1154 402 vix
1181 368 1411 402 dubitandum
1436 371 1492 403 sit.
1514 370 1652 402 namel-

124 433 234 464 lorum
250 430 360 463 forma
387 439 467 464 cum
492 428 561 462 Wr.
587 428 723 471 plebeja
749 427 819 461 sere
847 429 1021 472 convenit,
1049 428 1112 461 sed
1138 429 1270 462 ramelli
1297 430 1330 461 in
1357 426 1421 460 hac
1450 427 1651 471 dichotomi,

124 498 189 521 neo
215 490 361 531 pinnati.

659 645 823 697 Species
852 644 1117 697 inquirenda».

124 749 159 790 7.
192 754 265 790 Wu.
296 759 433 788 couosA
468 749 610 794 (Harv.
651 750 693 786 in
733 748 852 787 Lond.
895 747 1038 786 Journ.
1078 748 1146 786 III.
1172 760 1210 797 p.
1246 748 1342 795 454)
1375 751 1657 794 tricliomatibus

241 821 335 857 ultra
379 818 538 856 setaceis
582 817 779 866 elongatis,
825 828 914 864 vage
961 817 1238 868 ramosissimis,
1283 818 1394 855 ramis
1427 822 1656 872 famulisque

237 887 391 924 alternis
422 888 485 923 aut
514 885 726 922 alternatim
765 884 1012 922 subsecundis
1044 884 1656 929 nodu{oso—submonilisormibus

239 954 438 993 attenuatis
481 953 734 1002 ramelliseri53
779 952 889 989 nodis
933 964 977 989 ex
1020 952 1210 990 verticillis
1241 955 1488 992 ramelloruni
1519 958 1655 995 fructi-

239 1025 409 1060 serorum
442 1021 675 1070 compositis,
706 1020 870 1058 ramellis
889 1031 908 1056 e
927 1020 1112 1067 geniculis
1130 1020 1412 1068 egredientibus
1429 1023 1657 1064 dichotomis

239 1089 438 1128 attenuatis
468 1088 689 1137 articulatis3
727 1087 893 1126 articulis
925 1088 1114 1137 primariis
1143 1088 1329 1127 diametro
1361 1089 1534 1140 2—3plo
1567 1093 1657 1130 lon-

240 1158 408 1206 gioribus
439 1158 483 1195 ad
516 1157 687 1205 genicula
729 1156 1026 1206 subitum-assatis,
1058 1156 1198 1205 ubique
1230 1157 1346 1195 dense
1378 1159 1516 1197 vestitis
1547 1171 1658 1197 coin-

242 1229 349 1276 plexu
403 1226 579 1263 fibrarum
633 1224 930 1261 radicisormium
982 1224 1262 1261 articulatarum
1307 1225 1659 1276 longitudinalium⁷

242 1295 417 1331 ramellos
457 1304 606 1342 sparsos
647 1291 740 1338 (illis
782 1291 1053 1329 verticillorum
1095 1291 1260 1338 similes)
1293 1292 1560 1342 emittentium,
1590 1306 1659 1331 su-

241 1362 457 1411 perioribus
499 1359 682 1398 subnudis
725 1358 972 1396 brevioribus.
1032 1361 1146 1408 Long.
1181 1358 1312 1397 4—6'‘.
1359 1359 1510 1398 Habitus
1541 1364 1659 1399 Cera-

242 1441 417 1467 imorum.

225 1506 385 1539 Callitlis?
412 1514 594 1539 comosum
620 1503 727 1538 Harv.
754 1504 774 1537 l.
801 1515 830 1537 c.

226 1565 421 1605 Wrangelia
447 1572 589 1596 comosa
617 1561 723 1595 Harl).
751 1562 819 1605 Illy.
851 1561 960 1595 Tasm.
988 1571 1022 1594 η.
1050 1562 1106 1594 931
1136 1560 1237 1594 Isztlz.
1263 1572 1313 1605 sp.
1337 1572 1372 1606 p.
1400 1562 1476 1595 664.

227 1622 404 1655 Warrenia
431 1630 572 1655 comosa
601 1621 707 1654 Harv.
734 1630 841 1654 mser.

227 1681 534 1714 l‘lilebotliamnion
563 1689 743 1714 comosum
770 1679 871 1713 Isalz.
900 1678 975 1713 Boc.
1003 1678 1086 1713 Zeit.
1116 1679 1213 1713 4847.

246 1753 332 1793 llul).
365 1753 408 1790 ad
442 1751 860 1791 Van-Diemens-Land.

135 1892 170 1928 8.
203 1893 276 1928 xlix.
309 1897 511 1926 umerum
545 1887 685 1932 (Harv.
728 1888 769 1924 in
810 1887 923 1924 Ii'zicz.
965 1895 1021 1932 sp.
1056 1895 1092 1931 p.
1125 1882 1222 1929 664)
1255 1883 1473 1931 phycoinute
1506 1883 1661 1921 tirmior-i

247 1968 411 2005 ramoso,
449 1955 648 2004 corticato3
687 1957 801 1991 strato
841 1952 1007 1990 corticuli
1039 1952 1082 1988 ad
1117 1951 1289 1998 genicula
1321 1951 1482 1988 obscure
1514 1955 1663 2001 zonalo⁷

248 2024 359 2061 ramis
391 2022 540 2071 virgatis
573 2021 728 2058 alternis
760 2020 1006 2058 villosissimis
1031 2019 1404 2067 erecto-putentibus
1421 2017 1662 2065 distantibus3

246 2090 411 2128 articulis
443 2089 630 2139 primariis
657 2098 926 2136 ramorumque
944 2087 1130 2124 diametro
1151 2085 1367 2135 aequalibus.
1400 2088 1510 2132 Long.
1531 2083 1662 2122 3--6''.

248 2159 440 2196 Crassities
472 2168 605 2207 pennae
642 2155 879 2194 columbinae.

250 2239 336 2276 llub.
370 2236 414 2273 ad
445 2235 680 2275 Tasmaniam
714 2235 800 2282 (llb.
832 2234 1002 2280 Bindcr).

140 2373 176 2414 9.
209 2377 428 2411 GluFFlTHSlA
458 2376 572 2410 Aucus
605 2371 746 2417 [Mont.
779 2368 874 2408 Can.
905 2381 942 2418 p.
980 2367 1051 2405 476
1085 2365 1161 2404 tab.
1201 2364 1288 2402 VIII
1313 2364 1375 2412 fiff·
1411 2365 1450 2411 4.)
1489 2360 1663 2402 ”minima

251 2441 313 2477 filo
347 2439 526 2488 primario
558 2450 647 2487 vage
680 2449 830 2476 ramoso
864 2435 1027 2475 ramellis
1059 2433 1286 2471 verticillatis
1316 2432 1504 2469 subternis
1527 2431 1663 2468 dicho-

253 2509 364 2546 tomis
403 2508 538 2545 erectis
575 2511 654 2544 toto
692 2506 858 2555 obtecto,
889 2503 1048 2553 capsulis
1079 2500 1274 2548 (Favellis)
1306 2499 1519 2538 numerosis
1551 2500 1663 2548 pedi-

253 2575 393 2613 cellatis
425 2577 569 2613 ramulo
601 2574 842 2613 involucratis
874 2571 1040 2610 ocellatis
1073 2569 1249 2617 geniculo
1281 2566 1539 2606 insidentibus.

255 2654 340 2692 liab.
374 2657 409 2693 in
444 2653 600 2703 rupibus
634 2655 842 2690 lnsularum
874 2648 1155 2689 Canariensium
1187 2644 1452 2695 (Despreaux).

237 2734 338 2766 Des-c.
364 2733 534 2774 Pygmaea.
561 2730 631 2763 Fila
658 2740 722 2762 sex
748 2730 855 2761 lineas
884 2730 942 2761 aut
967 2736 1089 2768 parum
1116 2727 1203 2759 ultra
1229 2725 1341 2765 longa,
1357 2723 1388 2756 in
1406 2732 1519 2756 ramos
1535 2724 1665 2764 aliquot

145 2802 262 2834 xagns,
291 2791 614 2832 circumscriptione
640 2788 854 2821 lanceolatos
881 2787 1003 2819 divisa,
1058 2785 1201 2818 Ramelli
1226 2783 1366 2826 paulurn
1390 2780 1475 2813 infra
1503 2781 1664 2822 quodque

147 2851 342 2890 geniculum
371 2850 447 2891 orti,
475 2850 613 2891 ternati,
639 2842 1311 2890 quaternati,irregulariterdicliotonii,
1328 2840 1664 2881 erecto-patentius-

148 2909 227 2942 culi.
277 2908 419 2941 Articuli
446 2907 490 2940 fili
518 2906 671 2948 primarii
699 2905 867 2938 diametro
894 2902 1066 2943 subduplo
1094 2902 1278 2943 longiores,
1305 2897 1524 2931 ramellorum
1551 2896 1665 2937 longi-
