1728 3110
49 117 242 172 Polygq’ph
249 119 357 159 onia,
657 108 688 150 R
695 121 939 150 HODOMELEAE.
1470 108 1493 148 {l
1502 108 1525 148 0
1536 108 1558 148 ’5

49 247 152 289 vant,
195 242 301 280 unde
339 242 380 279 in
419 240 480 278 his
518 249 679 290 quoque
711 238 925 289 adspectus
956 239 1189 277 articulatus
1219 239 1374 279 frondis
1405 242 1562 288 manet;

48 311 87 349 in
123 308 212 347 aliis
250 312 383 346 autem
425 306 608 346 oriuntur
651 304 794 343 eodem
828 304 948 343 modo
980 306 1139 344 cellulae
1171 306 1395 345 exteriores
1426 306 1562 357 plures

47 377 273 430 pluresque,
314 374 505 412 articulos
542 372 728 424 proprios
767 375 890 409 strato
931 373 1165 411 cellularum
1198 374 1448 412 corticalium
1482 374 1563 411 cin-

48 446 197 496 gentes.
270 442 399 480 Frons
444 441 484 478 in
524 440 585 478 his
624 452 646 477 a
685 437 900 490 superficie
945 438 1125 490 inspecta
1163 440 1561 479 celluloso-areolata

48 511 233 555 cernitur,
274 513 314 547 et
353 513 523 547 externe
562 506 754 545 continua
786 505 878 555 jure
916 505 1087 543 dicenda
1125 506 1187 544 sit.
1218 530 1271 534 --
1302 506 1438 544 Tubus
1469 519 1561 544 cen-

46 577 174 621 tralis,
219 577 331 626 cujus
376 573 535 613 articuli
582 573 753 611 eandem
800 584 888 609 cum
939 571 1177 623 siphonibus
1222 572 1562 623 pericentralilnis

46 643 339 696 longit-udinem
387 645 568 683 servant,
614 640 675 677 his
722 638 988 677 immediatini
1035 639 1074 676 in
1121 638 1305 690 plurimis
1350 640 1562 690 speciebus

45 712 237 763 cingitur;
269 711 308 749 in
342 709 479 762 paucis
513 709 576 751 (Ρ.
609 706 802 753 Brodiaei,
836 707 879 744 P.
912 705 1108 744 tibrillosa
1139 705 1352 751 adultiore,
1384 706 1424 745 P.
1455 719 1562 745 com-

44 779 226 831 planata)
264 777 382 816 tubus
414 775 604 814 centralis
635 786 796 825 quoque
829 773 1052 811 minoribus
1083 773 1278 824 cingitur,
1310 777 1378 810 aut
1407 774 1562 824 paucis-

45 845 154 883 simis
200 849 240 882 et
283 857 422 896 parum
470 841 722 894 conspicuis,
765 844 834 878 aut,
879 839 1135 878 densioribus
1180 844 1220 877 et
1263 839 1348 877 fere
1398 844 1561 878 stratum

45 914 250 966 proprium
288 914 394 951 inter
432 912 571 951 tubum
612 910 830 949 centralem
873 913 913 947 et
950 908 1240 961 pericentrales
1278 908 1564 955 formantibus,

43 981 207 1020 ramulis
238 980 322 1019 tubi
355 980 405 1019 ad
437 978 629 1018 corticale
661 981 826 1016 stratum
860 976 1183 1014 excurrentibus.
1215 975 1294 1014 Ubi
1326 975 1425 1014 rami
1456 976 1563 1014 fron-

45 1049 104 1088 dis
142 1052 307 1093 exeunt,
347 1047 434 1086 exit
473 1057 633 1097 quoque
665 1057 685 1082 a
716 1045 813 1084 tubo
853 1043 1022 1082 centrali
1060 1056 1207 1088 ramus,
1246 1043 1351 1080 inter
1381 1043 1563 1094 pei-icen-

44 1116 163 1154 trales
194 1115 319 1153 caulis
351 1126 584 1159 excurrens,
616 1116 655 1151 et
686 1125 798 1151 ramo
831 1112 969 1150 tubum
1003 1110 1221 1148 centralem
1251 1110 1446 1148 tribuens.

153 1181 354 1233 Siphones
392 1179 683 1232 pericentrales
722 1179 761 1217 in
796 1178 933 1217 multis
965 1177 1177 1229 speciebus
1209 1181 1300 1215 sunt
1330 1180 1562 1216 constanter

43 1249 80 1295 4,
111 1253 151 1286 et
180 1261 252 1300 per
282 1252 405 1287 totam
438 1248 560 1285 vitam
592 1246 761 1286 totidem
788 1250 974 1294 manent;
1006 1245 1258 1282 increscente
1282 1244 1321 1282 in
1342 1244 1402 1282 his
1421 1244 1564 1282 fronde

43 1320 110 1354 aut
139 1315 313 1368 parietes
345 1314 528 1353 crassitie
559 1318 757 1365 augentur
787 1312 1026 1365 siphonibus
1057 1312 1255 1357 indivisis,
1281 1315 1349 1350 aut,
1373 1311 1563 1363 siphones

44 1383 162 1422 modo
194 1395 314 1434 supra
344 1381 547 1433 descripto
585 1380 898 1419 sulnlividuntur
929 1384 967 1417 et
1000 1382 1164 1417 stratum
1197 1378 1390 1417 corticale
1421 1378 1559 1417 oritur.

42 1449 85 1488 In
125 1449 214 1487 aliis
254 1448 467 1501 speciebus
505 1451 596 1486 sunt
634 1447 825 1499 siphones
858 1445 1158 1485 numerosiores
1189 1444 1563 1491 (516‘7—8---9

45 1516 369 1555 -12—16--20
409 1527 535 1566 usque
565 1514 617 1553 24
648 1514 899 1562 ni11ne1·avi);
941 1517 1107 1551 stratum
1140 1512 1333 1551 corticale
1364 1512 1492 1550 rarius
1522 1512 1562 1549 in

42 1584 101 1623 his
133 1584 356 1634 evolvitur-3
395 1582 621 1635 specimina
652 1582 805 1631 majora.
843 1592 1053 1618 numerum
1087 1580 1300 1631 siphonum
1331 1578 1465 1630 potius
1496 1591 1563 1616 au-

43 1664 136 1703 gere
172 1652 356 1697 tendunt,
395 1651 450 1688 ita
490 1654 532 1688 ut
569 1649 608 1687 in
652 1649 793 1687 eadem
834 1647 970 1700 specie
1011 1646 1130 1693 6—8,
1161 1647 1201 1685 in
1234 1647 1310 1684 alia
1343 1646 1492 1691 9-12,
1523 1646 1562 1683 in

42 1719 119 1757 alia
164 1719 325 1758 12-ffl16
369 1723 408 1757 et
453 1718 510 1756 sic
554 1730 675 1770 porro
721 1717 936 1755 observare
980 1716 1088 1754 licet.
1147 1716 1234 1763 Quo
1266 1714 1564 1753 numerosiores

43 1786 246 1838 siphones‚
285 1799 332 1825 eo
377 1786 536 1824 facilius
568 1797 687 1836 supra
717 1784 781 1821 vel
816 1783 919 1821 infra
952 1796 1161 1821 numerum
1195 1782 1308 1833 quasi
1340 1782 1562 1820 normalem

43 1853 222 1905 singulos
260 1858 328 1891 aut
366 1865 516 1905 paucos
557 1853 738 1902 adjectos
776 1851 840 1889 vel
881 1851 1132 1889 desideratos
1162 1849 1259 1888 vidi.
1320 1848 1478 1887 Adsunt
1507 1853 1563 1886 ta.-

42 1933 133 1959 rnen
171 1925 211 1958 et
247 1920 353 1958 inter
390 1919 697 1972 polysiphonias
741 1918 898 1970 species
930 1917 1158 1967 corticatae;
1192 1921 1232 1954 et
1261 1917 1367 1954 inter
1398 1915 1563 1966 oligosi-

42 1987 211 2039 phonias
241 1987 462 2033 nonnullae,
503 1999 670 2037 quarum
703 1985 863 2024 cellulae
895 1985 1109 2023 corticales
1140 1983 1295 2021 intima?
1326 1982 1563 2034 siphonibus

42 2054 242 2106 primariis
280 2055 334 2093 ita
373 2054 653 2106 magnitudine
691 2057 865 2104 aequent,
912 2057 1032 2103 atque
1063 2052 1203 2090 orbem
1234 2050 1562 2102 pericentralium

43 2122 97 2161 ita
127 2123 289 2169 intrent,
329 2126 370 2160 ut
400 2122 547 2173 {egrius
578 2121 753 2160 invicem
796 2121 1105 2172 distinguantur.
1167 2119 1333 2170 Species
1365 2116 1562 2167 ejusmodi

43 2201 66 2226 a
94 2189 297 2228 nonnullis
329 2188 559 2228 auctoribus
591 2200 752 2238 quoque
784 2188 1021 2239 siphonibus
1054 2185 1160 2225 6-8
1192 2185 1398 2223 instructa)
1431 2182 1560 2222 consi-

43 2255 189 2295 deratae
222 2256 395 2295 fuerunt.

150 2322 426 2361 Keramidium
467 2334 489 2359 a
527 2334 639 2360 ramo
679 2322 963 2359 transformato
1004 2320 1142 2365 oritur,
1180 2319 1219 2356 in
1259 2317 1470 2369 speciebus
1502 2315 1561 2353 di-

43 2390 166 2428 versis
198 2390 328 2427 formu
366 2389 621 2439 aliquatenus
660 2388 828 2434 varium,
853 2387 1038 2438 juvenile
1070 2385 1277 2437 angustius
1309 2383 1435 2434 magis
1467 2395 1559 2419 ovu-

43 2460 137 2499 tum,
176 2456 356 2495 adultum
395 2455 608 2494 rotundius
646 2460 685 2493 et
725 2455 809 2493 fere
849 2455 1097 2506 depressum,
1129 2453 1169 2490 in
1199 2450 1405 2489 nonnullis
1446 2448 1560 2500 apice

42 2523 236 2573 producto
282 2522 620 2561 suburceolatum.
698 2521 900 2573 Siphones
947 2520 1046 2558 rami
1088 2518 1226 2556 mutati
1266 2516 1441 2553 evadunt
1480 2515 1560 2551 cel-

43 2588 133 2627 lulae
171 2588 409 2640 pericarpii,
442 2601 464 2625 a
494 2588 581 2626 basi
619 2601 757 2626 versus
795 2588 952 2639 apicem
991 2585 1172 2629 radiatae,
1212 2582 1417 2620 breviores
1448 2581 1560 2619 ideo-

44 2666 119 2704 que
156 2656 377 2694 areolatum
417 2656 652 2707 adspectum
691 2655 919 2707 pericarpio
963 2653 1163 2698 tribuunt;
1208 2650 1458 2687 increscente
1490 2648 1559 2684 ke-

43 2722 211 2760 ramidio
252 2722 352 2760 radii
394 2722 630 2759 cellularum
662 2721 811 2759 sensim
843 2721 958 2772 apice
991 2719 1102 2756 hiant
1139 2721 1178 2754 et
1217 2715 1367 2752 canalis
1398 2714 1560 2766 pervius

44 2788 302 2838 carpostomii
354 2788 492 2826 oritur.
564 2788 756 2826 Placenta
794 2787 943 2826 basalis
984 2783 1215 2823 evolutione
1253 2781 1339 2819 tubi
1370 2780 1560 2818 centralis

44 2852 83 2890 in
131 2854 296 2905 plexum
343 2854 516 2901 filorum,
562 2858 605 2892 ut
651 2854 750 2892 mihi
797 2853 994 2904 adparuit,
1035 2850 1249 2898 formatum
1287 2851 1443 2885 constat
1482 2846 1560 2884 tilis
