1728 3110
49 128 211 182 Dasya,
672 122 935 165 {novenaria
1435 120 1486 161 12
1501 120 1553 161 17

49 256 148 287 terea
181 258 265 287 sunt
299 255 417 288 multo
444 255 640 288 breviores.
679 254 899 285 diametrum
941 256 1063 296 partis,
1101 257 1136 286 in
1175 264 1249 298 quo
1288 252 1459 292 insident,
1496 253 1557 283 vix

48 315 245 355 zrquantes,
272 313 367 345 unde
397 312 529 356 plantae
557 311 753 355 adspectus
780 312 896 353 magis
924 315 978 344 cst
1003 312 1241 354 Dudresnajae
1269 323 1380 356 quam
1404 312 1546 353 Dasyae.

139 373 349 415 Specimina
374 373 580 404 aniericana
606 381 679 403 non
707 370 795 402 vidi.
845 371 966 412 Quum
997 382 1080 404 vero
1108 372 1253 414 Harvey
1280 371 1382 404 nulla
1408 371 1558 403 omnino

48 430 159 463 dubia
187 431 230 463 de
259 431 448 463 identitate
477 431 609 474 plant-<c
636 428 810 462 australis
838 432 873 460 ct
898 429 1079 462 atlantica
1108 429 1493 473 protulerit,plantam
1514 427 1557 461 ad

49 490 232 533 specimen
261 490 499 522 australicum
527 489 716 531 descripsi.
1385 479 1394 492 ¹

47 603 111 642 36.
169 604 217 642 D.
250 617 537 643 NAccixfflomEs
576 603 716 646 (Harr.
746 604 789 639 ¹in
820 602 944 640 Hoolc‘s
967 602 1089 641 Lvoml.
1119 603 1254 640 Jourw.
1286 603 1367 639 ΙΙΙ.
1393 614 1433 649 p.
1464 600 1561 649 432)

157 672 416 710 teretiuscula
467 669 1147 722 decomposito-pinnaum-ramosa
1215 673 1297 708 tota
1348 668 1559 709 corticata,

156 738 271 776 caule
301 738 503 788 ramisque
534 737 753 787 majoribus
784 736 914 781 nudis,
947 736 1076 774 ultimi
1109 736 1262 774 ordinis
1294 736 1378 773 fere
1400 734 1560 773 subula-

155 805 207 843 tis
232 817 404 857 superne
423 804 648 850 ramulosis,
667 803 832 842 ramulis
858 816 881 840 a
898 807 1020 841 strato
1038 802 1220 842 corticali
1238 815 1559 853 quoquoversum

158 873 400 911 exeuntibus
430 885 453 910 a
477 872 562 911 basi
580 870 903 923 monosiplioniis
922 870 1161 908 densissime
1185 869 1441 915 dichotomis,
1458 869 1559 907 infe-

156 939 329 978 rioribus
360 939 509 977 sensim
538 938 731 990 abruptis,
763 937 908 976 mediis
940 937 1122 974 refractis
1155 936 1459 975 liorizontaliter
1492 935 1560 973 fla-

159 1006 340 1045 bellatim
374 1006 565 1058 expansis
597 1005 829 1044 divaricatis
859 1003 1015 1056 rigidis,
1058 1003 1282 1055 apicalibus
1313 1002 1561 1041 mollissimis

157 1073 402 1126 penicillatis
434 1074 594 1111 demum
627 1072 917 1117 stichidiiferis,
962 1070 1161 1109 stichidiis
1192 1069 1321 1108 ovatis
1359 1069 1560 1106 acumina-

157 1142 221 1189 tis,
257 1141 496 1180 keramidiis
527 1169 536 1179 .
555 1169 563 1178 .
583 1170 606 1183 .,
647 1139 825 1178 articulis
855 1138 1100 1177 ramulorum
1133 1136 1329 1175 diametro
1366 1135 1561 1187 2—4-p10

158 1210 423 1263 longioribus.

142 1303 265 1344 Dasya
290 1301 548 1335 Naccarioidcs
575 1298 694 1333 Hui-r.
722 1299 743 1332 l.
770 1309 798 1332 (¹.
824 1298 912 1331 Ner.
939 1298 1070 1331 Austr.
1092 1306 1129 1339 1).
1157 1297 1200 1330 63
1222 1294 1293 1329 tab.
1315 1291 1457 1327 XXII!
1481 1293 1562 1337 Aly.

53 1360 170 1394 Tarsm.
197 1370 255 1394 wo
282 1361 341 1393 231
394 1358 453 1393 Fl.
482 1359 600 1392 Tasm.
624 1368 663 1400 2).
691 1358 773 1391 302!
824 1356 936 1391 Kitte.
963 1355 1027 1398 Sp.
1049 1365 1090 1398 2).
1116 1356 1198 1389 797!

142 1421 285 1453 Exsicc.
311 1417 429 1452 Harv.
458 1418 587 1452 Austr.
615 1417 696 1461 Azy.
722 1426 781 1450 wo
806 1418 891 1450 203!

160 1503 263 1542 Hab.
294 1503 333 1541 in
367 1514 520 1542 oceano
551 1501 715 1540 australi
746 1501 796 1539 ad
826 1500 1112 1538 Tasmanniam
1147 1497 1344 1550 (Harveyl
1378 1496 1534 1538 Gunnl)

144 1596 260 1628 Frons
289 1594 428 1638 pedalis
455 1598 490 1626 ct
517 1595 627 1635 ultra,
654 1594 756 1626 caule
783 1594 925 1626 inferne
952 1602 1068 1636 nsque
1085 1601 1239 1635 pennam
1264 1591 1451 1622 corvinam
1468 1598 1564 1620 cras-

52 1665 102 1694 so,
135 1665 155 1687 a
180 1654 259 1687 basi
294 1657 433 1686 scuta-ta
476 1654 706 1696 proveniens
746 1653 870 1685 infima
909 1654 1010 1695 parte
1053 1650 1150 1683 nuda.
1183 1652 1218 1681 et
1244 1649 1328 1681 dein
1356 1658 1420 1690 per
1449 1650 1562 1680 totam

51 1712 325 1756 longitudinem
353 1712 492 1755 glabra,
529 1713 641 1744 ramis
667 1712 756 1743 2-<3
783 1710 1025 1754 pollicaribus
1052 1710 1233 1753 pinnatim
1260 1707 1389 1745 obsita,
1422 1705 1562 1738 ambitu

52 1771 296 1815 pyramidata.
345 1771 448 1804 Rami
484 1771 692 1803 conformes
727 1768 1081 1802 subhorizontaliter
1109 1767 1234 1810 patuli,
1263 1773 1562 1809 quoquoversum

51 1832 240 1870 exeuntes,
265 1829 343 1862 basi
370 1829 469 1869 nudi,
503 1839 660 1872 superne
687 1839 783 1862 nova
808 1829 900 1860 serie
936 1837 1125 1860 ramorum
1159 1826 1284 1859 obsiti.
1332 1823 1437 1857 Rami
1463 1822 1565 1855 deni—

52 1899 123 1932 que
146 1888 269 1921 ultimi
298 1888 437 1921 ordinis
464 1888 658 1931 simplices,
685 1887 880 1931 pollicares
907 1890 971 1920 aut
997 1886 1197 1924 breviores,
1223 1895 1243 1917 a
1262 1884 1340 1916 basi
1363 1883 1498 1915 sensim
1513 1884 1565 1913 at—

54 1947 195 1979 tenuati
229 1946 475 1989 rigidiusculi,
512 1947 585 1979 ima
622 1947 700 1979 basi
738 1946 838 1985 nudi,
875 1945 959 1978 dein
999 1944 1153 1977 ramulis
1180 1943 1418 1975 circumcirca.
1444 1940 1565 1979 obsiti,

53 2004 199 2038 Ramuli
226 2005 343 2037 infimi
369 2005 527 2048 abrupti.
554 2006 627 2037 ima
652 2005 732 2037 basi
758 2006 1000 2048 persistente3
1029 2006 1226 2047 sequentes
1249 2002 1375 2045 plures
1389 2001 1565 2045 adproxi-

54 2064 143 2096 mati
181 2062 476 2101 subverticillati,
513 2063 991 2106 decomposito-dicliotomi
1026 2066 1061 2094 et
1098 2064 1133 2094 in
1160 2061 1328 2095 flabellos
1355 2060 1565 2093 horizonta—

53 2122 140 2154 liter
167 2122 332 2163 expansi,
359 2122 603 2164 patentissimi
637 2125 700 2154 aut
738 2122 885 2154 refracti
924 2121 1045 2164 rigidi,
1071 2121 1238 2163 apicibus
1264 2120 1437 2153 deorsum
1464 2127 1565 2160 spec-

55 2180 220 2213 tantibus
246 2179 463 2213 flabellatim
491 2180 788 2222 divergentibusz,
818 2180 873 2212 his
903 2181 1063 2223 proximi
1100 2182 1184 2212 sunt
1212 2179 1395 2222 positione
1417 2176 1565 2213 similes,

54 2242 90 2271 at
116 2239 315 2275 molliores,
342 2238 429 2272 dum
457 2238 614 2282 denique
639 2240 779 2283 apicem
796 2242 1016 2272 coronantes
1032 2240 1116 2270 sunt
1134 2235 1377 2274 erectiusculi,
1393 2235 1564 2268 mollissi-

56 2298 116 2337 mi,
142 2297 358 2341 penicillati,
384 2296 429 2329 ad
451 2296 662 2339 geniculum
689 2297 865 2341 quodque
892 2294 1380 2337 dichotomo-deconipositi,
1401 2292 1565 2325 ramellis

57 2355 315 2389 terminalibus
342 2354 570 2397 simplicibus
597 2355 791 2398 elongatis.
841 2355 1001 2388 Articuli
1028 2353 1260 2386 ramulorum
1286 2353 1451 2384 omnium
1479 2354 1565 2383 sunt

56 2413 353 2457 monosiphonii·7
380 2413 599 2447 inferiorum
625 2416 660 2446 et
686 2415 881 2447 inferiores
908 2414 1143 2456 superiorum
1170 2414 1255 2444 sunt
1269 2411 1468 2451 breviores,
1488 2411 1564 2442 dia-

58 2475 175 2506 metro
209 2473 357 2504 circiter
384 2471 498 2514 duplo
525 2471 722 2514 longiores,
759 2473 971 2515 superiores
1005 2480 1122 2514 usque
1148 2469 1252 2512 4-plo
1278 2469 1459 2502 diametro
1485 2468 1564 2501 lon-

56 2533 190 2574 giores.
216 2531 317 2563 Inter
343 2530 509 2563 ramulos
536 2531 726 2564 molliores
753 2530 926 2564 stichidia
953 2531 1044 2571 [sec.
1071 2528 1235 2570 Harvey)
1258 2528 1488 2570 proveniunt,
1503 2538 1564 2570 pe-

57 2589 231 2622 dicellata
256 2591 362 2621 ovata
389 2589 542 2628 minuta,
569 2589 766 2633 multiplici
796 2589 888 2621 serie
916 2587 1191 2630 sphaerosporas
1229 2585 1410 2627 foventiag
1437 2586 1473 2617 in
1503 2595 1567 2617 no-

59 2649 145 2680 stris
172 2647 384 2680 antheridia
409 2647 537 2680 eodem
564 2647 639 2680 fere
666 2647 777 2680 modo
804 2646 1040 2679 obvenientia
1065 2643 1458 2686 elongato-lancoideaI
1494 2643 1565 2676 Ke-

59 2705 215 2738 ramidia
239 2714 314 2737 non
341 2704 427 2736 vidi.
478 2705 595 2737 Frons
633 2716 751 2749 usque
792 2704 837 2737 ad
874 2704 1014 2746 apicem
1053 2711 1240 2734 ramorum
1268 2702 1462 2743 corticata;
1490 2711 1565 2733 sec-

61 2765 158 2797 tione
198 2762 436 2795 transversali
474 2763 566 2795 rami
605 2765 772 2807 (quoque
814 2762 936 2794 ultimi
974 2760 1132 2799 ordinis)
1169 2761 1269 2792 intus
1303 2759 1471 2792 cellulosi
1502 2760 1565 2792 ad-

60 2824 199 2866 parent,
226 2820 371 2853 cellulis
411 2821 718 2863 pericentralibus
744 2819 853 2864 paulo
891 2817 1093 2860 majoribus
1118 2817 1174 2850 bis
1199 2816 1222 2849 4
1244 2817 1321 2849 fere
1346 2817 1383 2850 in
1409 2817 1564 2850 eundem

60 2881 188 2914 orbem
216 2879 434 2921 conjunctis.
