1728 3110
168 150 191 190 9
200 150 222 190 5
234 148 257 188 6
787 137 1069 178 RHODOMELEAE.
1362 137 1675 192 Polyszyahomfa.

163 275 251 309 2—3
289 271 529 309 verticillatae,
566 270 662 302 unde
698 269 736 301 in
775 267 949 300 stichidio
981 276 1046 310 per
1077 265 1204 309 plures
1236 265 1350 297 series
1383 262 1675 306 longitudinales

163 332 350 376 dispositae
388 329 577 371 adparent.
637 328 721 369 Ipsa
758 336 910 370 quoque
950 324 1123 358 stichidia
1158 324 1245 355 sunt
1276 322 1395 364 magis
1427 321 1471 354 ad
1505 320 1603 353 hunc.
1636 322 1675 353 fi-

162 402 245 424 nem
270 390 438 423 formata.

251 448 404 481 Formas
436 454 563 479 omnes
596 443 728 476 allatas
759 442 805 475 ad
837 452 948 474 unam
985 441 1143 483 speciem
1176 440 1364 483 pertinere
1390 441 1493 482 puto.
1542 438 1676 471 Forma

161 506 382 549 corymbosa
419 502 686 547 sphaerosporis
724 502 877 543 onusta·7
916 498 1121 531 subsimilis
1154 497 1258 530 adest
1292 498 1328 530 in
1359 498 1398 529 P.
1427 496 1671 539 complanata.

160 567 203 599 R.
235 562 500 606 cloiophyllam
530 561 640 594 HarV.
666 559 712 592 ad
738 559 841 591 illam
869 558 1056 601 pertinere
1083 557 1283 599 specimine
1310 556 1462 588 edoctus
1490 565 1583 588 sum.
1633 555 1674 587 R.

161 624 421 667 corymbosam
457 621 566 654 Kutz.
599 620 645 653 ob
678 619 802 652 locum
835 617 995 650 natalem
1028 617 1074 649 ad
1099 617 1142 650 R.
1171 615 1447 660 cloiophyllam,
1474 625 1540 647 uec
1566 614 1611 647 ad
1636 615 1674 647 P.

161 683 446 726 complanatam,
478 679 602 713 ret-uli.
658 679 700 712 R.
739 677 981 720 complanatae
1015 686 1111 708 verae
1140 675 1286 708 nullum
1312 675 1498 717 specimen
1526 686 1542 706 e
1571 673 1608 707 C.
1635 674 1673 706 B.

160 743 245 785 Spei
265 741 358 781 vidi3
384 739 480 772 unde
507 741 543 771 et
568 739 608 771 R.
638 736 908 779 complanatam
935 732 1055 768 Ηανυ.
1084 732 1173 767 Ner.
1200 733 1245 766 ad
1271 734 1313 766 R.
1328 734 1470 766 firmam
1486 733 1673 775 pertinere

162 801 367 843 suspicatus
405 809 498 831 sum.
559 798 691 831 Forma
723 796 910 839 pectinata
935 797 991 826 est
1021 796 1085 826 aut
1116 795 1338 832 monstrosa,
1370 794 1434 824 aut
1460 791 1584 823 forsan
1611 801 1674 822 an-

161 857 331 890 theridiis
366 856 499 899 (nullis
532 858 653 888 tamen
685 855 721 887 in
757 856 903 891 nostra)
940 853 1130 892 instructa,
1163 851 1314 883 demum
1342 849 1398 882 his
1425 848 1574 892 dejectis
1600 849 1674 881 for-

161 927 256 949 mam
283 914 471 948 insolitam
498 922 730 947 conservans.

162 1043 226 1083 19.
260 1045 302 1083 Ρ.
333 1056 563 1083 ACANTHINA
600 1042 651 1091 (J
688 1040 762 1089 Ay.
799 1042 925 1090 mser.)
970 1041 1105 1077 erecta
1149 1038 1320 1077 distiche
1363 1037 1562 1089 pinnatim
1607 1037 1675 1075 de-

270 1110 494 1163 composita
537 1121 789 1161 compressa,
833 1111 918 1147 tota
955 1106 1168 1152 corticata,
1213 1104 1348 1158 pinnis
1386 1104 1539 1143 ambitu
1578 1104 1675 1143 obo-

271 1177 392 1224 vatis‚
439 1176 699 1215 inferioribus
743 1175 1060 1227 simplicioribus
1106 1172 1256 1212 sensim
1295 1172 1495 1225 abruptis,
1531 1171 1676 1224 pinnu-

270 1245 319 1284 lis
357 1257 476 1297 supra
512 1243 678 1282 axillam
718 1242 1050 1281 subrotundatam
1089 1240 1287 1286 incurvis,
1332 1240 1520 1280 omnibus
1561 1240 1677 1291 apice

270 1310 779 1357 subdivaricato-dentatis,
818 1309 1008 1348 dentibus
1045 1308 1283 1348 inferiorum
1323 1307 1464 1354 acutis,
1495 1308 1675 1360 superio-

269 1392 355 1417 rum
402 1378 576 1423 obtusis,
631 1377 870 1429 siphonibus
915 1376 1022 1414 5—ss
1066 1380 1184 1414 extus
1227 1375 1453 1422 corticatis‚
1496 1375 1676 1414 articulis

270 1445 466 1485 diametro
511 1444 730 1496 sub-duplo
776 1443 1052 1490 brevioribus,
1090 1443 1382 1496 sphaerosporis
1420 1444 1461 1481 in
1498 1442 1676 1495 pinnulis

270 1513 503 1566 penultimis
533 1512 603 1550 vix
635 1511 797 1550 mutatis
827 1511 999 1558 seriatis,
1030 1510 1280 1550 kei-amidiis.
1313 1539 1322 1548 .
1356 1539 1366 1549 .
1396 1539 1406 1549 .

251 1604 460 1648 Rytiphlaea
485 1603 641 1637 dumosa
665 1600 785 1635 Hem-v.
807 1601 897 1635 Ner.
920 1600 1051 1635 Austr.
1069 1610 1109 1643 p.
1124 1602 1178 1635 33.
1204 1598 1316 1634 Koite.
1343 1598 1407 1642 Sp.
1435 1598 1517 1643 Ala.
1538 1608 1579 1642 22-
1594 1599 1676 1633 845!

270 1684 371 1724 Hab.
416 1684 457 1723 in
495 1696 648 1723 oceano
686 1684 850 1722 australi
890 1684 941 1722 ad
979 1682 1077 1736 Cap.
1109 1683 1155 1722 B.
1188 1682 1285 1735 Spei
1316 1682 1531 1729 (Lalandel
1576 1681 1676 1720 Har-

162 1752 254 1803 vey!
286 1751 470 1802 aliique).

252 1844 370 1877 Frons
406 1843 495 1875 3ffl4
532 1843 733 1886 pollicaris‚
765 1853 785 1875 a
819 1843 931 1886 plexu
964 1843 1100 1876 fibroso
1126 1842 1279 1875 radicali
1318 1852 1484 1885 surgens,
1521 1842 1677 1875 distiche

163 1904 343 1946 pinnatim
370 1903 634 1946 decomposita,
660 1903 804 1935 inferne
831 1903 953 1946 pinnis
979 1902 1151 1945 abruptis
1177 1901 1410 1942 nudiuscula,
1436 1901 1586 1935 rachide
1613 1913 1676 1934 an—

163 1964 272 2005 gusta
297 1962 555 1994 millimetrum
584 1973 713 2005 parum
741 1971 981 2005 exsuperans,
1009 1971 1156 1994 sursum
1183 1963 1383 1994 attenuata.
1438 1961 1563 1993 Pinnae
1590 1961 1676 1994 sub-

163 2019 379 2052 ssabellatim
412 2030 590 2063 expansae,
623 2030 772 2053 sursum
800 2020 916 2063 magis
944 2020 1227 2063 decompositae3
1254 2019 1418 2063 pinnulae
1445 2029 1558 2062 supra
1583 2019 1677 2052 axil-

163 2077 237 2109 lam
275 2078 450 2110 deorsum
488 2088 629 2111 versam
672 2082 705 2111 et
745 2078 1020 2122 aliquantulum
1047 2078 1286 2111 rotundatam
1319 2079 1490 2117 incurvae,
1518 2077 1676 2111 lineares

163 2138 228 2168 aut
265 2145 413 2168 sursum
445 2136 520 2168 sere
546 2136 717 2177 dilatatae,
751 2137 852 2180 apice
880 2136 1054 2169 dentibus
1081 2136 1364 2180 divergentibus
1389 2137 1589 2177 instructae,
1617 2147 1676 2169 su-

164 2195 327 2238 periores
360 2196 519 2227 incurvae
552 2197 587 2226 et
618 2195 803 2238 praecipue
829 2195 874 2228 ab
901 2196 1087 2228 exteriore
1113 2196 1189 2228 acie
1215 2195 1394 2237 dentatae3
1421 2195 1550 2228 dentes
1571 2195 1676 2237 juve-

163 2252 257 2284 niles
296 2252 435 2292 obtusi,
475 2252 678 2285 adultiores
718 2254 934 2293 acuminati,
974 2264 1071 2286 nunc
1110 2254 1340 2287 subrecurvi.
1404 2253 1676 2297 Sphaerosporae

164 2311 258 2343 infra
295 2310 425 2343 axillas
457 2311 607 2344 ultimas
638 2313 676 2344 in
710 2311 859 2344 rachide
886 2312 1108 2353 nidulantes,
1133 2313 1170 2345 in
1198 2313 1335 2346 nostris
1361 2322 1486 2356 paucae.
1514 2315 1550 2344 et
1575 2323 1676 2355 spar-

166 2369 300 2411 siores3
334 2369 466 2401 seriem
499 2370 646 2402 unicam
680 2369 994 2412 longitudinalem
1028 2370 1244 2403 formantes.
1293 2371 1387 2404 Tota
1412 2370 1538 2414 planta
1564 2372 1674 2403 corti-

165 2428 253 2466 cata,
291 2426 458 2458 articulis
499 2427 705 2460 obsoletius
744 2427 1062 2461 translucentibus
1099 2429 1270 2474 sasciatag
1313 2428 1480 2462 articulis
1519 2429 1675 2472 geminis

165 2484 387 2516 diametrum
413 2485 555 2517 frondis
580 2485 817 2528 longitudine
845 2486 955 2529 paulo
977 2487 1259 2531 superantibus,
1286 2490 1498 2520 transversa
1513 2488 1674 2520 sectione

166 2541 241 2573 vidi
267 2541 441 2584 sipliones
468 2542 555 2574 5-6
583 2544 679 2575 circa
706 2543 906 2575 centralem
937 2544 1114 2586 majorem
1130 2545 1341 2588 dispositos
1356 2546 1561 2579 directione
1575 2546 1674 2579 fron-

167 2599 223 2631 dis
249 2609 490 2642 compressos,
517 2603 625 2634 extus
653 2601 906 2634 conformibus
933 2604 1068 2635 sensim
1096 2604 1305 2637 minoribus
1328 2606 1363 2636 et
1378 2604 1542 2638 corticali
1557 2607 1673 2637 strato

167 2656 306 2688 cinctis.

257 2715 293 2747 Si
325 2716 363 2747 P.
395 2716 628 2759 complanata
659 2716 809 2749 habitus
842 2718 1027 2761 quandam
1060 2719 1344 2753 similitudinem
1371 2731 1453 2753 cum
1479 2722 1578 2754 Fuco
1605 2722 1674 2753 cri-

169 2775 263 2806 stato
289 2775 425 2814 offerat,
449 2776 487 2807 P.
513 2776 745 2809 acanthinam
761 2787 843 2809 cum
857 2778 956 2810 Fuco
971 2780 1242 2822 coronopifolio
1263 2780 1425 2824 quodam
1449 2781 1560 2813 modo
1576 2791 1673 2814 com-

169 2840 297 2872 parare
328 2831 466 2864 liceret.
522 2833 652 2866 Planta
678 2837 733 2866 est
757 2836 952 2877 angustior
977 2840 1014 2868 at
1040 2837 1117 2869 sere
1141 2837 1282 2871 firmior
1308 2848 1420 2881 quam
1446 2839 1484 2871 P.
1512 2839 1672 2882 compla-

170 2889 265 2919 nata.
326 2888 418 2921 Huic
455 2890 634 2932 proxima,
671 2894 793 2925 tamen
831 2894 982 2935 aspectu
1019 2896 1054 2926 et
1089 2894 1264 2927 dentibus
1297 2894 1539 2938 pinnularum
1566 2895 1672 2928 facile
