1728 3110
157 163 179 202 8
189 162 212 201 8
223 161 246 201 8
773 156 1055 199 Rnonoiifflffi.
1396 161 1650 203 Rhodomela

244 290 364 322 Fucus
390 288 571 320 floccosus
596 284 688 326 Esp.
716 286 738 319 I.
765 296 794 320 c.
822 287 892 320 tab.
920 288 1000 321 100!
1029 288 1143 321 Turn.
1170 285 1268 321 Hzfst.
1298 283 1388 320 Fue.
1414 285 1487 320 tab.
1514 287 1550 320 8!

242 347 475 380 Rhodomela
499 347 658 379 floccosa
695 346 762 388 Ay.
799 345 862 388 Sp.
902 346 985 390 Aly.
1019 356 1059 389 p.
1089 346 1165 380 376.
1204 345 1304 388 Syst.
1335 346 1478 387 12198.
1505 343 1607 378 Post.
1634 348 1668 378 et

151 404 273 447 Rapo:
300 403 359 437 IN.
379 414 419 446 2).
446 404 490 437 14
515 403 587 437 tab.
626 403 860 438 XXXVIII.
891 404 956 449 fiy.
983 415 1000 438 c
1028 405 1139 443 (excl.
1178 407 1279 448 synl)
1320 402 1438 438 Harv.
1463 402 1551 437 Ner.
1577 402 1665 436 Bor.

151 465 229 497 Am.
250 474 291 506 11·
318 463 378 496 24!

241 523 416 557 Fuscaria
442 523 600 555 floccosa
625 520 748 563 Rnpr.
774 522 813 554 in.
839 521 919 565 Aly.
950 520 1071 555 Ocleot.
1093 531 1134 563 1).
1162 521 1239 554 33!!

242 581 417 625 Lophura
440 581 599 614 ssoccosa
622 579 734 613 Kit'tz.
760 579 825 622 Sp.
846 589 886 622 p.
914 581 993 614 850.
1017 580 1128 621 (excl.
1156 583 1268 622 synd.

244 641 364 673 Fucus
391 639 554 683 pilulifer
595 638 709 671 Tarm.
748 638 848 672 Hm.
889 637 960 671 tab.
998 638 1076 671 236.
1103 639 1209 674 (Fue.
1237 636 1446 680 globulifer,
1471 637 1509 668 in
1534 636 1669 675 Indice,

152 700 239 730 toni.
267 699 357 738 IV.).

244 756 529 799 Spharococeus
556 756 723 798 pilulifer
750 754 817 797 Aa.
845 753 909 795 Sp.
930 763 972 796 p.
999 754 1077 787 317.
1104 752 1216 786 Koite.
1244 751 1308 794 Sp.
1330 761 1370 793 2).
1398 752 1481 784 775!

241 814 473 847 Rhodomela
501 814 686 857 pilulifera
718 811 812 845 Grec
850 812 969 846 Ηανυ.
996 811 1085 845 Ner.
1112 811 1200 845 Bor.
1228 810 1308 844 Am.
1331 819 1371 852 p.
1398 810 1454 843 25.

259 895 361 934 Hab.
393 895 433 933 in
467 895 632 934 Oceano
678 893 850 945 pacifico
898 893 1107 945 superiore
1151 893 1201 932 ad
1232 893 1366 932 littora
1399 891 1600 930 Americae
1631 894 1671 929 et

150 962 258 1000 Asiae
290 962 504 1009 (Menziesl
538 962 767 1000 Chamisso!
806 961 981 999 Haenke!
1014 961 1114 999 Mus.
1147 959 1532 1012 Petropolitanuml)

240 1053 359 1085 Frons
380 1051 571 1093 juvenilis,
598 1054 690 1084 utet
716 1052 836 1095 pinu-‹1›
852 1051 1046 1083 inferiores
1063 1050 1207 1083 frondis
1222 1048 1371 1090 sterilis,
1397 1051 1453 1081 est
1479 1049 1672 1081 evidenter

150 1121 362 1153 compressa
388 1113 423 1142 et
450 1109 606 1142 distiche
635 1111 814 1152 pinnatim
843 1109 1107 1152 decomposita,
1141 1109 1264 1152 pinnis
1289 1119 1309 1140 a
1335 1108 1501 1150 margine
1527 1107 1671 1150 egredi-

150 1170 298 1202 entibus
325 1168 481 1201 alternis
507 1168 774 1206 erectiusculis,
800 1179 820 1200 a
845 1168 924 1200 basi
951 1167 1084 1200 latiore
1122 1168 1325 1200 attenuatis
1362 1167 1556 1206 simulatis,
1586 1167 1671 1199 sim-

151 1228 311 1271 plicibus
337 1231 401 1259 aut
431 1226 542 1269 paulo
571 1236 681 1269 supra
711 1226 863 1258 axillam
892 1226 1085 1269 pinnulam
1112 1226 1350 1265 conformem,
1367 1226 1503 1258 sensim
1529 1225 1671 1257 alterne

151 1285 392 1325 subdivisam,
418 1285 639 1317 serentibus.
689 1285 736 1317 Ut
762 1284 943 1317 adolescit
969 1285 1082 1324 frons,
1121 1285 1257 1317 sensim
1293 1283 1535 1317 teretiuscula
1561 1284 1609 1323 fit,
1636 1285 1672 1315 et

152 1345 271 1387 pinnze
300 1353 609 1387 quoquoversum
643 1343 748 1375 ilexae
776 1343 926 1374 minime
953 1342 1119 1375 distichae
1140 1344 1329 1386 apparent.
1354 1341 1545 1375 Ramihoc
1560 1341 1672 1374 modo

151 1404 326 1435 oriuntur
352 1402 596 1445 semipedales
623 1407 658 1433 et
686 1401 792 1441 ultra,
818 1401 967 1434 raehide
996 1401 1195 1433 sub-tereti
1223 1404 1258 1433 et
1285 1400 1508 1433 nudiuscula
1533 1401 1672 1432 instru-

152 1463 210 1501 cti,
238 1472 396 1504 pennam
425 1462 652 1503 passerinam
693 1461 858 1492 crassitie
887 1461 1034 1492 circiter
1060 1463 1259 1504 aequantes,
1286 1470 1352 1503 per
1378 1462 1493 1492 totam
1508 1459 1672 1502 longitu-

151 1520 275 1552 dinem
304 1520 417 1551 ramis
444 1519 653 1551 minoribus
681 1518 805 1551 obsiti.
856 1519 961 1551 Rami
990 1518 1110 1551 ultimi
1133 1519 1275 1552 ordinis
1293 1518 1511 1558 conformes⁷
1526 1519 1672 1552 ramulo

150 1578 277 1609 infimo
304 1576 475 1619 longiore
503 1579 537 1608 et
565 1587 660 1619 sape
686 1586 842 1609 recurvo
870 1577 977 1619 quasi
1003 1577 1162 1617 fulcrati‚
1189 1577 1382 1620 superiore
1409 1586 1541 1620 nempe
1568 1579 1673 1619 parte

153 1646 265 1678 supra
293 1635 447 1667 axillam
477 1636 589 1667 infimi
619 1635 752 1667 ramuli
779 1635 985 1667 introrsum
1013 1638 1202 1678 porrecta3
1230 1645 1388 1677 superne
1410 1634 1564 1667 ramulis
1585 1635 1673 1667 den-

153 1693 313 1726 sioribus
351 1692 665 1725 subsaseienlatim
705 1694 890 1735 congestis
927 1694 1092 1725 incurvis
1131 1696 1167 1725 et
1193 1694 1426 1735 corymbosis
1464 1695 1673 1736 compositi.

152 1751 301 1785 Ramuli
340 1751 430 1783 2—3
469 1751 585 1783 lineas
625 1751 738 1794 longi,
766 1753 802 1783 ni
828 1751 939 1784 fallor
979 1761 1124 1794 semper
1151 1752 1234 1795 plus
1262 1753 1384 1784 minus
1411 1753 1623 1795 compressi,
1654 1763 1675 1785 a

152 1809 233 1841 basi
257 1809 391 1841 latiore
419 1810 610 1849 attenuati,
649 1809 826 1842 subulati.
877 1809 1057 1842 stichidia
1084 1811 1121 1842 in
1147 1810 1303 1843 ramulis
1330 1810 1562 1852 corymbosis
1589 1821 1674 1854 pro-

154 1868 349 1907 venientia,
374 1870 486 1911 atquc
514 1867 706 1900 sterilibus
733 1868 984 1900 exterioribus
1011 1869 1139 1908 cincta,
1166 1868 1222 1900 liis
1247 1868 1432 1910 breviora,
1458 1870 1594 1901 eximie
1619 1870 1674 1901 in-

155 1936 268 1959 curva
305 1935 527 1969 compressa,
554 1929 728 1958 caeterum
756 1927 818 1958 vix
847 1928 1100 1966 transmutata,
1127 1926 1315 1970 duplicem
1342 1928 1473 1959 seriem
1512 1926 1674 1971 sphaero-

155 1994 351 2027 sporarum
378 1994 399 2015 a
424 1983 536 2016 dorso
563 1987 758 2027 conspecta
793 1985 1049 2025 monstrantia,
1075 1985 1120 2017 ab
1150 1986 1226 2017 acie
1255 1987 1412 2018 unicam.
1462 1984 1675 2018 Keramidia

155 2044 192 2075 in
220 2043 332 2074 ramis
371 2043 433 2074 vix
468 2042 710 2084 eorymbosis,
749 2044 865 2085 magis
903 2044 1084 2086 pinnatim
1113 2044 1302 2087 disposita,
1328 2055 1348 2076 a
1374 2044 1521 2077 ramulo
1556 2046 1674 2077 trans-

154 2102 325 2142 formata,
351 2105 454 2144 parte
481 2102 657 2133 inferiore
684 2101 915 2144 pedit-ellata,
933 2103 1125 2144 superiore
1143 2102 1449 2136 obovato-inssata
1463 2103 1675 2142 constituta,

155 2159 310 2193 ramulis
339 2159 486 2191 circiter
513 2159 628 2201 duplo
656 2160 849 2191 crassiora.
899 2160 1014 2192 Frons
1042 2163 1120 2193 tota
1154 2162 1340 2202 continua,
1368 2162 1431 2193 vix
1457 2161 1528 2193 nisi
1554 2162 1591 2192 in
1616 2171 1674 2193 ra-

157 2218 268 2251 mulis
294 2217 635 2261 splia=r‹·)sporiferis
652 2217 830 2249 articulos
846 2218 1036 2250 obsoletos
1054 2220 1324 2262 monstrantia3
1352 2222 1561 2252 transverse
1576 2221 1676 2251 secta

156 2278 340 2309 monstrat
379 2274 532 2307 cellulas
569 2275 766 2307 interiores
802 2275 879 2307 fere
918 2276 1091 2319 aquales,
1127 2276 1282 2309 centrali
1309 2277 1371 2309 vix
1398 2276 1673 2319 distinguenda.

157 2334 269 2367 Color
296 2334 488 2365 exsiccata*
515 2336 550 2364 ct
577 2333 788 2365 madefactae
816 2333 1160 2376 fusco-nigrescens.

250 2391 396 2426 Fronde
418 2391 576 2433 juvenili
615 2390 771 2423 distiche
810 2392 1036 2434 pinnatifida,
1073 2392 1258 2424 adultiore
1291 2401 1511 2435 compressa,
1545 2393 1581 2423 et
1608 2390 1672 2423 ha-

158 2451 239 2483 bitu
266 2450 385 2482 multo
412 2449 608 2491 graciliore
630 2448 704 2481 haec
728 2450 867 2492 species
893 2460 913 2481 a
937 2450 978 2482 R.
1006 2450 1131 2482 Larice
1157 2449 1303 2482 facilius
1329 2449 1503 2482 distincta.
1529 2449 1673 2482 videre·

158 2512 230 2542 tur.
256 2509 290 2541 A
317 2507 554 2551 Ruprechtio⁷
579 2507 751 2550 Harveyo
777 2507 934 2551 aliisque
962 2518 1111 2552 quoque
1127 2509 1205 2540 sine
1220 2508 1297 2541 ulla
1310 2508 1541 2541 haesitatione
1556 2507 1672 2541 ambae

160 2569 298 2611 species
325 2568 617 2609 distinguantur.
666 2565 795 2609 Neque
822 2565 923 2606 mihi,
951 2569 991 2598 ut
1014 2567 1214 2609 specimina
1240 2566 1332 2599 bene
1362 2565 1510 2599 evoluta
1536 2569 1572 2598 et
1596 2575 1672 2598 ma-

160 2627 303 2660 defacta
341 2627 626 2665 observaverim,
666 2627 863 2669 utra-mque
903 2625 1135 2668 distinguere
1171 2626 1242 2658 fuit
1279 2625 1440 2657 difficile.
1494 2626 1672 2658 Attamen

160 2685 251 2718 mihi
277 2685 390 2718 dubia
417 2685 586 2728 quaedam
613 2686 772 2723 manent,
804 2694 897 2715 anne
939 2686 1057 2717 status
1096 2686 1219 2716 essent
1255 2686 1319 2716 aut
1356 2685 1475 2716 {etatis
1512 2686 1576 2716 aut
1600 2684 1673 2716 loci

161 2743 294 2775 natalis
320 2744 428 2775 unius
456 2742 697 2786 ejusdemque
723 2742 867 2784 speciei,
894 2743 936 2773 ut
962 2741 1031 2774 hoc
1057 2751 1207 2785 quoque
1245 2741 1452 2784 suspicatus
1486 2744 1540 2773 est
1579 2742 1672 2774 Tur-

162 2812 282 2833 nerus.
331 2802 538 2844 Utcumque
567 2802 625 2842 sit,
653 2804 754 2833 certo
782 2801 919 2832 certius
944 2804 1054 2843 patet,
1081 2801 1282 2844 specimina
1306 2799 1493 2832 adultiora
1517 2800 1559 2833 R.
1583 2800 1671 2833 ssoe-

162 2869 254 2891 cosae
280 2868 354 2891 non
380 2859 451 2891 nisi
476 2857 611 2900 injuria
638 2857 793 2890 distiche
822 2858 972 2900 pinnata
997 2858 1090 2902 dici3
1117 2861 1152 2890 et
1178 2858 1385 2900 fragmenta
1411 2858 1522 2890 unius
1536 2857 1671 2901 plantec
1723 2863 1724 2866 ’

162 2917 207 2950 ab
235 2917 350 2950 altera
375 2916 577 2960 aliquando
610 2916 825 2949 difficillime
857 2916 1048 2958 distingui.
1097 2916 1190 2949 Hinc
1216 2925 1366 2960 quoque
1390 2915 1524 2948 saetam
1550 2918 1604 2948 est
1630 2918 1671 2949 ut
