1728 3110
152 116 175 156 3
184 115 208 155 2
220 116 243 157 6
776 112 1060 155 RHODOMELEAE.
1429 119 1684 162 Martensia.

147 248 279 286 donec
324 247 477 282 certam
522 243 670 296 adepta
716 243 989 290 latitudinem,
1034 256 1143 284 nova
1181 249 1399 297 generatur
1439 245 1683 285 foraminum

147 313 285 351 series.
358 311 413 349 At
466 315 607 350 contra
651 311 756 349 hanc
800 311 1120 364 explicationem
1168 311 1494 351 animadvertere
1540 314 1685 361 debeo,

151 379 309 418 areolas
341 377 530 416 fenestrae
562 390 772 430 supremas
800 390 946 417 revera
976 390 1065 416 esse
1096 379 1286 429 majores,
1320 383 1360 418 et
1390 379 1581 419 fenestrae
1607 384 1685 419 tra-

145 446 313 486 beculas
358 445 399 484 in
444 449 560 497 parte
600 445 776 495 juvenili
802 446 887 495 jam
916 449 1035 483 antea
1067 457 1156 483 esse
1187 446 1441 498 conspicuas,
1473 459 1593 497 quam
1624 447 1685 485 in-

144 514 278 552 vicem
327 511 530 551 distinctae
575 512 856 551 observentur.
943 511 1047 550 Hinc
1092 511 1174 551 alio
1220 512 1343 551 modo
1388 511 1683 551 incrementum

146 580 235 618 fieri
280 583 412 632 patet;
458 582 637 617 attamen
682 578 782 616 mihi
828 578 1027 616 incertum
1073 578 1280 630 quomodo
1325 578 1403 617 rite
1442 579 1684 631 explicetur.

145 646 385 685 Denticulos
430 645 640 696 marginis,
687 657 788 695 quos
834 657 941 682 nunc
988 645 1253 697 prolongatos
1293 649 1334 684 et
1378 645 1493 696 quasi
1524 650 1684 685 anasto-

146 713 327 752 mosibus
374 713 568 764 conjungi
614 712 829 750 tendentes
872 711 969 757 vidi,
1000 712 1230 751 trabeculas
1260 711 1475 765 primarias
1506 712 1685 752 formare

146 780 217 817 vix
249 778 516 829 crediderim;
548 778 778 817 denticulos
809 782 944 816 autem
978 778 1229 825 consimiles,
1253 779 1294 817 in
1310 779 1531 818 trabeculis
1548 783 1682 818 trans-

146 846 372 886 versalibus
407 858 513 884 nunc
542 844 848 897 proeminentes
881 844 953 891 (M.
989 845 1270 894 denticulata),
1301 845 1343 884 in
1373 846 1601 885 trabeculas
1618 858 1683 884 ac-

147 914 346 953 cessor-ias
379 925 636 959 excrescere,
668 912 838 952 forsitan
871 912 1157 965 suspicandum
1189 917 1260 952 est.

257 982 319 1019 De
361 981 560 1019 affinitate
605 980 767 1032 generis
799 980 938 1020 omnia
967 980 1092 1019 dubia
1121 980 1220 1018 mihi
1251 980 1431 1020 nondum
1464 980 1596 1020 soluta
1625 980 1683 1017 vi-

146 1048 304 1086 dentur.
364 1049 526 1086 Interea
572 1060 699 1099 genus
747 1048 942 1087 Claudeae
973 1048 1191 1100 analogum
1224 1047 1359 1100 potius
1390 1060 1511 1099 quam
1542 1059 1685 1086 revera

145 1114 344 1153 affinitate
373 1114 609 1167 proximum
641 1115 835 1167 disposui.

578 1296 806 1336 SPECIES
844 1296 1259 1337 DISPONANTUR:

146 1410 183 1449 1.
242 1410 491 1449 HEmTREMA
527 1409 723 1463 fenestra
760 1409 826 1463 (in
847 1409 1004 1463 fronde
1022 1409 1275 1465 flabellata)
1306 1409 1422 1452 intra
1452 1412 1686 1464 marytnem

566 1481 791 1531 anyustmn
821 1478 947 1519 unica
967 1477 1253 1530 perzpheriea.

324 1604 347 1628 *
374 1602 530 1657 fronde
562 1602 861 1657 intem-tuscula
892 1601 989 1655 (ant
1019 1607 1190 1645 externa
1222 1604 1264 1645 vi
1295 1602 1518 1660 lacerata).

1201 1706 1233 1739 1.
1261 1708 1308 1740 M.
1334 1718 1637 1742 FLABELmFonmis.

602 1819 653 1844 *ᾖ
674 1819 831 1874 fronde
859 1818 1229 1868 inez'sorlaeine'ata.

1202 1925 1234 1956 2.
1260 1925 1306 1958 M.
1335 1935 1533 1958 Aus'rRAms.

286 2016 363 2041 *³³*
384 2016 541 2069 fronde
561 2015 746 2069 juveniti
775 2015 1021 2066 cle'eltotoma,
1051 2016 1273 2069 segmentis
1293 2015 1545 2069 flabellate's.

1197 2117 1230 2150 3.
1257 2118 1302 2150 M.
1330 2128 1497 2150 ELEGANS.

1199 2174 1231 2206 4.
1257 2175 1303 2208 M.
1334 2185 1503 2208 FRAGILIS.

144 2291 183 2329 2.
242 2291 499 2330 MESOTREMA
533 2288 688 2343 fronde
733 2287 872 2339 (intra
913 2289 1157 2342 nearyinem,
1186 2290 1341 2332 sensim
1369 2291 1413 2331 in
1451 2289 1561 2332 lobes
1581 2303 1682 2343 pro-

144 2357 325 2405 ductum,
346 2356 600 2409 fenestrata,
632 2355 813 2407 {offisque
833 2355 1087 2408 fenestratis
1118 2370 1209 2397 cam
1229 2356 1387 2410 fronde
1418 2358 1573 2399 sensim
1590 2370 1682 2398 eon-

134 2423 390 2478 fluentibus)
434 2435 563 2464 zonas
596 2422 862 2475 fenestratas
888 2421 1039 2473 plures
1075 2436 1167 2465 eam
1196 2424 1399 2477 eontiyaz's
1428 2423 1684 2466 alternantes

827 2492 1003 2541 yerente.

1206 2581 1238 2613 5.
1264 2581 1310 2614 M.
1337 2590 1588 2614 DFNTICULATA.

1198 2637 1231 2670 6.
1260 2639 1306 2671 M.
1332 2648 1498 2671 PAVOMA.

147 2787 184 2825 1.
214 2787 266 2824 Μ.
298 2798 637 2825 FLABELLIFORMIS
670 2787 809 2836 (Harv.
839 2786 938 2824 List.
969 2788 1015 2835 of
1040 2788 1106 2825 m.
1137 2788 1204 2826 IsZ.
1235 2786 1325 2836 Azy.
1355 2799 1417 2826 nm
1450 2788 1518 2837 11)
1536 2789 1680 2829 fronde

258 2865 377 2904 supra
421 2852 601 2904 stipitem
647 2853 958 2891 crassiusculum
1004 2853 1232 2906 longiorem
1269 2853 1481 2894 reniformi
1520 2855 1680 2908 integra
