1728 3110
189 123 212 163 8
222 126 243 164 5
254 122 277 162 :2
804 115 1087 155 Rnononmffi.
1435 113 1701 167 Bostryehia,

293 248 466 286 lularum
509 243 816 284 subcubicarum
863 243 1048 282 obductis
1092 239 1296 284 continua,
1341 238 1506 277 ramulis
1551 236 1702 275 ultimis

295 327 401 354 nunc
431 311 769 364 monosiphoniis.
827 311 1060 349 Kermmidia
1091 307 1337 359 subglobosa
1367 306 1409 344 in
1437 304 1594 343 ramulo
1625 307 1703 341 ter-

295 381 475 426 minalia,
506 379 612 418 intra
641 378 913 431 pericarpium
947 376 1200 421 cellulosum,
1218 371 1489 425 cai-postomio
1508 374 1704 423 apertum,

296 446 516 499 gemmidia
546 445 785 498 pyriformia
815 445 855 482 in
887 443 1056 482 articulo
1088 440 1291 480 terminali
1323 439 1481 478 filorum
1508 439 1706 489 placentae

295 515 487 554 foventia.
558 514 749 551 Stielefidia
793 510 1114 561 siliquaeformia,
1145 522 1167 547 a
1211 507 1366 546 ramulo
1410 505 1706 549 transformata,

295 583 401 620 intra
431 581 622 619 articulos
668 580 969 631 spliaerosporas
1012 577 1148 628 plures
1190 573 1468 618 verticillatas,
1505 570 1707 621 triangule

298 649 461 695 divisas,
494 648 687 687 foventia.
754 645 992 683 Ambo-idm
1038 642 1090 691 (22)
1136 640 1401 681 subaxillaria
1446 638 1708 677 circumcirca

295 716 508 756 radiantia.
542 739 591 744 -d
624 715 746 752 Kritz.
777 713 930 759 Pleyscol.
962 712 1033 749 fal).
1064 711 1115 748 53
1137 711 1207 757 fig).
1246 709 1285 745 V.
1343 708 1466 745 Harv.
1497 707 1586 744 Ner.
1618 705 1708 743 Bor.

299 785 385 824 Am.
417 786 488 823 (ab.
524 783 632 821 XIV
657 782 800 821 B—E.

300 853 497 904 Caespites
528 852 567 889 in
601 850 690 888 aliis
722 847 960 900 corporibus
1005 850 1073 884 aut
1116 858 1236 897 supra
1279 857 1400 896 rupes
1444 843 1533 895 plus
1578 840 1709 879 minus

189 934 406 973 expansos,
437 919 648 958 frondibus
677 915 880 969 primariis
904 912 1240 953 decumbentibus
1271 915 1312 950 et
1339 911 1613 951 radicantibus
1644 922 1709 948 co-

188 989 351 1035 hibitos,
382 987 553 1039 pollices
584 998 734 1037 paucos
779 983 895 1029 altos,
940 979 1296 1021 vi‹;›laee0-livid0s
1335 979 1519 1017 efficiunt
1548 977 1710 1016 frondes

188 1069 295 1096 nunc
341 1067 598 1106 compressa),
643 1053 882 1105 plerumque
928 1049 1153 1094 filiformes,
1200 1047 1316 1099 apice
1359 1045 1614 1085 rectiusculae
1646 1048 1713 1081 aut

189 1124 338 1176 saepius
368 1123 561 1164 incurvam
591 1134 682 1159 raro
714 1117 1057 1170 simpliciuscula‘,
1090 1114 1237 1167 saepius
1269 1113 1572 1165 decompositae,
1600 1111 1711 1150 disti-

189 1192 265 1229 che
296 1191 474 1243 pinnatae
505 1192 573 1227 aut
602 1198 927 1238 quoquoversum
958 1196 1141 1222 ramosae.
1175 1181 1290 1220 Rami
1321 1180 1548 1230 ramulique
1579 1177 1711 1217 frondi

189 1258 433 1302 conformes,
478 1254 646 1294 ramulis
692 1253 844 1291 ultimis
888 1263 995 1289 nunc
1039 1247 1383 1299 monosiphoniis;
1427 1246 1467 1284 in
1508 1244 1713 1284 nonnullis

190 1326 291 1364 rami
323 1324 437 1376 quasi
479 1323 698 1361 fulci-antes
741 1319 959 1359 dissimiles
989 1317 1147 1361 adsunt,
1186 1315 1235 1354 ab
1267 1315 1394 1352 axilla
1423 1326 1576 1351 ramum
1604 1311 1713 1361 juni-

193 1407 305 1434 orem
336 1392 590 1440 emittentes;
629 1401 735 1428 nunc
781 1386 1003 1425 lateraliter
1038 1385 1156 1434 juxta
1188 1381 1356 1420 axillam
1388 1381 1498 1420 frons
1529 1384 1597 1417 aut
1626 1391 1714 1416 ver-

192 1474 349 1507 rucosa,
381 1463 449 1497 aut
478 1459 519 1497 in
550 1470 719 1499 ramum,
751 1467 859 1506 saepc
891 1452 1113 1498 deflexum,
1145 1454 1327 1488 extensa.

301 1528 429 1566 Frons
460 1540 534 1578 pro
566 1524 800 1563 diversitate
832 1520 1058 1573 specierum
1096 1522 1164 1556 aut
1200 1521 1285 1555 tota
1325 1514 1535 1553 articulata
1565 1511 1715 1565 polysi-

192 1595 357 1647 phonia,
388 1606 535 1644 nempe
567 1591 805 1643 siphonibus
836 1593 904 1626 aut
934 1586 1093 1625 cellulis
1130 1582 1466 1637 perstentralsswus
1506 1581 1715 1630 subaeque-

192 1661 325 1713 longis
370 1661 488 1699 nudis
535 1658 764 1704 constituta,
809 1660 877 1694 aut
920 1667 1076 1693 sursum
1109 1651 1268 1703 longius
1299 1650 1506 1694 corticata,
1537 1653 1605 1685 aut
1634 1650 1715 1685 tota

193 1729 406 1777 continua3
438 1727 478 1764 in
511 1726 572 1764 his
603 1737 711 1776 saepe
741 1724 878 1776 plures
920 1721 1045 1759 series
1086 1717 1357 1758 concentricae
1389 1716 1624 1754 cellularum
1656 1727 1717 1751 ar-

193 1796 352 1841 ticulos,
383 1794 415 1831 si
448 1806 548 1843 quos
578 1792 656 1831 hoc
687 1791 851 1829 nomine
883 1788 1089 1839 adpellare
1120 1786 1229 1831 licet,
1258 1783 1527 1832 constituunt3
1558 1780 1717 1819 cellulae

194 1875 264 1901 scu
295 1862 486 1914 siphones
517 1864 609 1898 sunt
650 1872 791 1911 parum
837 1857 1053 1907 elongatae,
1092 1857 1266 1891 attamen
1306 1851 1503 1890 diametro
1541 1849 1717 1901 ipsarum

196 1928 416 1980 longiores,
448 1931 489 1965 et
518 1926 693 1964 invicem
737 1923 1080 1973 subaequelongae.
1142 1920 1324 1957 Externe
1365 1920 1555 1969 teguntur
1595 1919 1718 1953 strato

194 1995 359 2048 proprio
391 1993 587 2039 corticali,
618 1991 777 2041 cellulis
808 1989 934 2028 multo
966 1987 1221 2027 laevioribus
1251 1984 1405 2023 cubicis
1436 1987 1504 2021 aut
1526 1982 1719 2021 rotunda-

194 2064 258 2110 tis,
290 2062 606 2101 endochromate
638 2057 861 2097 obscuriori
895 2055 1043 2094 sarctis.
1079 2054 1280 2106 Siphones
1310 2051 1527 2090 interiores
1559 2060 1720 2100 quoque

197 2130 526 2174 endochromate,
559 2125 835 2165 exsiccatione
867 2123 1110 2168 collabente,
1142 2120 1326 2159 tenuiore
1370 2120 1629 2171 percurrente
1659 2115 1718 2153 in-

195 2196 335 2237 structi
367 2199 471 2234 sunt.

308 2263 492 2308 Fructus,
524 2264 714 2311 quantum
747 2259 954 2307 hucusque
972 2255 1199 2307 cogniti,in
1230 2253 1400 2293 diversis
1432 2250 1644 2303 speciebus
1661 2252 1722 2287 sat

198 2332 363 2371 similes.
425 2327 661 2368 Keramidia
691 2326 732 2363 in
764 2324 902 2376 paucis
942 2327 1050 2369 nota,
1092 2326 1184 2361 sunt
1226 2318 1614 2369 ovato-subglobosa
1654 2319 1723 2353 aut

198 2399 323 2437 immo
355 2397 636 2447 subdepressa,
668 2393 717 2431 ab
749 2392 864 2443 apice
888 2390 989 2428 rami
1020 2389 1304 2427 transformata
1335 2391 1374 2424 et
1404 2386 1461 2423 ita.
1491 2382 1721 2422 terminalia

201 2464 397 2511 dieenda3
427 2463 531 2500 intra
560 2459 831 2513 pericarpium
862 2455 1318 2500 areolato-cellulosum,
1359 2452 1475 2504 apice
1517 2454 1720 2501 cai-posto-

202 2532 286 2570 mio
318 2534 515 2582 apertum,
546 2526 731 2565 nuc-lenm
765 2523 1075 2574 gemmidiorum
1095 2520 1376 2573 pyriformium
1394 2517 1595 2567 foventiaq
1612 2511 1720 2567 gem-

203 2597 328 2637 midia
360 2607 465 2634 nunc
495 2594 580 2631 fere
609 2591 776 2636 basalia,
808 2589 970 2627 nuncin
990 2589 1068 2626 filis
1087 2588 1213 2639 magis
1240 2585 1438 2636 elongatis
1470 2584 1721 2621 dichotomo-

204 2662 420 2715 fastigiatis
453 2661 628 2705 evoluta,
659 2659 699 2696 in
732 2657 919 2697 omnibus
951 2668 1004 2693 ex
1042 2655 1357 2693 endochromate
1397 2650 1556 2689 articuli
1586 2648 1722 2687 termi-

204 2730 307 2768 nalis
337 2728 634 2767 transformata.
695 2723 893 2763 Stichidia
931 2723 1077 2774 sa³pius
1116 2734 1169 2759 ex
1207 2730 1393 2771 suprema
1432 2721 1544 2768 parte
1577 2714 1719 2753 ramuli

205 2796 500 2839 transformata,
531 2798 571 2831 et
600 2791 793 2831 inferiore
832 2794 946 2842 parte
977 2788 1104 2827 sterili
1136 2786 1391 2839 pedicellata‚
1424 2795 1529 2821 nunc
1562 2793 1721 2832 quoque

208 2864 368 2916 apiculo
400 2861 528 2900 sterili
559 2863 758 2912 superata,
789 2862 903 2910 parte
933 2857 1060 2895 sterili
1092 2855 1301 2900 crassiora,
1319 2849 1625 2902 siliquaeformia
1656 2852 1722 2885 aut
