1728 3110
93 122 116 163 8
126 123 149 163 5
160 122 186 163 4
716 117 1002 158 ΒΗΟΒΟΜΕιΕᾹΞ.
1344 119 1624 175 Pollexfem‘a.

88 252 225 297 refert,
255 263 279 287 a
309 261 388 299 qua
418 260 515 287 vero
548 252 631 286 tum
663 248 828 288 laminae
859 252 1057 287 structura
1088 248 1348 300 perfectiore,
1379 253 1463 287 tum
1487 248 1626 287 stichi-

89 318 168 357 diis
198 315 360 354 abunde
392 314 550 364 differt;
583 326 660 353 nec
690 315 823 353 minus
855 320 1056 354 structura
1088 315 1370 354 stichidiorum
1401 328 1425 353 a.
1441 315 1627 367 plurimis

88 382 257 432 reliquis
287 381 465 430 abludit;
500 381 594 419 dum
627 381 737 420 enim
768 382 958 421 stichidia
988 393 1224 433 compressa
1253 382 1521 433 plurimorum
1553 395 1627 420 sae—

89 450 178 501 pius
221 449 427 500 duplicem
472 449 621 486 seriem
665 449 1039 501 sphaerosporarum
1085 452 1278 499 (utroque
1315 461 1463 501 nempe
1501 450 1629 488 latere

90 519 214 553 costae
259 528 394 562 unam,
439 515 478 553 h.
523 528 558 554 e.
589 516 630 553 in
661 515 845 553 articulis
877 515 1062 566 singulis,
1103 520 1277 566 utroque
1307 516 1435 554 latere
1466 516 1628 554 cellulae

89 581 281 619 centralis
312 582 493 633 singulas
525 582 846 634 sphaerosporas)
879 582 1032 628 fovent,
1073 581 1115 620 in
1147 582 1409 620 Pollexfenia
1439 582 1630 621 stichidia

89 648 352 686 teretiuscula
395 648 660 686 circumcirca
697 649 1001 700 sphaerosporas
1050 653 1259 699 generant,
1307 653 1347 687 et
1386 648 1427 687 in
1458 649 1629 688 articulo

90 726 267 765 quoque,
298 715 331 753 si
363 715 441 754 hoc
470 715 562 754 loco
595 715 646 753 de
675 714 857 753 articulis
887 714 1001 764 loqui
1032 714 1189 761 liceret,
1221 715 1372 766 plures.

93 887 130 927 1.
163 888 205 927 P.
238 900 514 926 PEDICELLATA
545 888 685 936 (Harax
716 888 761 925 ‘in
791 888 910 926 Hoolc.
941 888 1067 925 Loml.
1097 888 1235 926 Journ.
1275 888 1351 928 Vol.
1383 889 1464 926 III.
1473 901 1515 936 p.
1532 888 1631 935 431)

202 955 347 993 fronde
378 954 599 993 ecorticata
630 954 948 993 subilabellatim
979 966 1162 1006 expansa
1193 955 1428 994 dichotoma
1454 955 1632 994 autsub-

204 1021 384 1072 pinnata,
429 1020 651 1072 segmentis
694 1020 918 1059 linearibus
955 1025 1022 1058 aut
1053 1020 1496 1073 obcuneato-oblongis
1528 1033 1631 1059 mar-

206 1087 301 1138 gine
332 1086 621 1138 integerrimis,
658 1086 844 1137 apicibus
875 1086 1044 1125 obtusis.

187 1177 423 1211 Pollex-senia
451 1177 674 1220 pmiicelhsta
699 1175 820 1209 Harv.
849 1175 870 1208 l.
897 1185 925 1208 e.
954 1174 1043 1208 Ner.
1070 1178 1191 1209 (metr.
1213 1185 1254 1218 p.
1282 1177 1336 1210 22.
1366 1175 1438 1210 tab.
1474 1175 1522 1209 V!
1550 1176 1632 1220 Alq.

96 1234 216 1267 Tasm.
242 1243 302 1267 wo
327 1235 358 1267 4.
402 1234 506 1268 Mar.
535 1233 618 1266 Bot.
645 1232 686 1275 of
714 1233 823 1267 VVest.
852 1236 984 1266 Ans-tr.
1011 1233 1050 1265 in
1076 1233 1191 1267 Iris-h.
1221 1233 1355 1267 Trans.
1390 1233 1465 1267 Vol.
1496 1234 1633 1269 XXII.

88 1302 129 1334 p.
169 1293 250 1326 537!
300 1292 361 1326 Fl.
397 1292 516 1325 Tam.
537 1301 578 1334 p.
606 1293 689 1325 295!
718 1291 831 1325 Kritz.
858 1290 923 1333 Sp.
951 1290 1032 1334 Aly.
1057 1300 1098 1332 p.
1125 1292 1204 1325 875.
1253 1291 1365 1326 Soml.
1393 1292 1475 1335 Aly.
1503 1292 1633 1326 Muell.

93 1350 131 1383 in
157 1350 269 1385 Lime.
297 1352 351 1384 25.
373 1361 414 1393 p.
441 1351 525 1384 697!

188 1411 332 1443 Exsicc.
359 1408 479 1442 Hct‘rv.
510 1407 592 1451 Aly.
621 1407 752 1440 Austr.
779 1415 840 1439 ‘mo
867 1407 950 1439 126!

208 1490 310 1529 Hab.
356 1490 405 1528 ad
452 1501 543 1529 oras
574 1487 851 1526 occidentales
883 1492 923 1525 et
954 1487 1151 1526 australes
1182 1501 1300 1527 novae
1331 1488 1563 1527 Hollandiae
1594 1492 1635 1527 et

96 1558 145 1595 ad
178 1556 468 1595 Tasmanniam
500 1555 732 1606 (Harveyl).

190 1646 356 1679 Frondes
395 1646 415 1677 3
441 1645 486 1676 ἶ4
524 1643 732 1687 pollicareS,
773 1643 991 1675 llabellatim
1031 1645 1067 1675 in
1107 1644 1236 1676 orbem
1264 1645 1339 1677 sere
1366 1654 1550 1687 expansae,
1576 1645 1632 1677 di-

99 1704 382 1747 polychotomac,
421 1703 623 1746 segmentis
650 1712 749 1733 nunc
775 1702 851 1733 sere
878 1702 1084 1734 linearibus
1111 1702 1201 1735 2—-3
1227 1703 1344 1735 lineas
1372 1703 1457 1735 latis
1484 1707 1521 1735 et
1549 1705 1631 1746 qui-

98 1762 182 1794 dem
219 1765 283 1794 aut
310 1760 610 1803 subregulariter
637 1758 1074 1802 dichotomo-fastigiatis
1102 1764 1163 1792 aut
1192 1760 1449 1803 subpinnatini
1477 1761 1635 1804 disposi-

99 1821 154 1860 tis,
181 1831 279 1852 nunc
307 1819 526 1852 obcuneatis
553 1821 588 1850 et
616 1818 718 1861 apice
746 1817 1106 1860 sub—polychotome
1133 1818 1337 1851 subdivisis
1366 1820 1483 1862 magis
1506 1819 1635 1852 flabel-

99 1879 194 1918 latis,
232 1889 331 1910 nune
369 1878 532 1920 denique
569 1876 780 1918 latioribus,
819 1886 985 1918 unguem
1023 1875 1109 1908 latis
1150 1880 1187 1908 et
1216 1878 1334 1919 magis
1360 1877 1545 1919 oblongis,
1572 1880 1636 1910 aut

99 1939 281 1980 pinnatim
321 1940 385 1969 aut
422 1934 642 1969 ssabellatim
680 1934 885 1977 dispositis,
919 1936 1088 1967 omnium
1116 1935 1350 1977 marginibus
1378 1937 1634 1978 integerrimis

102 1995 346 2038 apicibusque
386 1993 544 2032 obtusis,
582 1992 797 2025 rotundatis
824 1996 889 2024 aut
928 1994 1110 2025 truncatis
1137 1996 1173 2024 et
1199 1994 1441 2035 emarginatis
1468 1993 1513 2026 ad
1541 1994 1635 2026 divi-

100 2054 243 2085 sionem
284 2052 504 2084 ulterioreni
547 2052 687 2093 pronis.
750 2050 889 2083 Axillae
928 2050 1150 2094 plerumque
1187 2050 1406 2091 latiusculae,
1433 2053 1634 2093 segmentis

100 2121 213 2154 supra
257 2110 412 2142 axillam
459 2108 788 2151 conver-gentibus.
852 2109 1011 2141 Fructus
1057 2119 1122 2151 per
1161 2111 1358 2152 utramque
1401 2111 1634 2153 superficiem

101 2170 215 2201 dense
243 2168 374 2211 sparsi.
423 2166 639 2199 Substantia
669 2169 779 2198 tenue
807 2166 1099 2207 membranacea,
1125 2166 1261 2199 chartae
1288 2167 1494 2201 adhaerens.
1521 2168 1635 2202 Color

104 2238 122 2258 e
149 2235 503 2268 roseo-purpureus.
1118 2266 1123 2270 ἡ

196 2282 453 2324 Parenchyma
487 2281 634 2314 duabus
661 2281 881 2314 cellularum
911 2282 1077 2314 seriebus
1105 2285 1260 2322 constat,
1288 2285 1387 2315 inter
1414 2294 1507 2327 quas
1535 2296 1635 2317 venre

100 2343 136 2374 iu
166 2342 357 2385 superiore
387 2343 489 2384 parte
517 2340 768 2379 distantiores,
796 2341 832 2371 in
860 2340 1037 2372 inferiore
1064 2342 1342 2373 nurnerosim'es
1372 2344 1407 2373 et
1434 2343 1552 2384 magis
1571 2343 1635 2375 ad-

103 2400 322 2443 proxiinatae
350 2400 568 2430 excurrunt.
620 2396 773 2429 Nullum
803 2398 909 2429 strati
939 2398 1126 2430 corticalis
1153 2399 1365 2440 vestigium.

196 2459 340 2491 Formae
380 2455 492 2498 hujus
519 2455 656 2487 adsunt
684 2455 820 2497 plures,
849 2466 921 2487 non
950 2466 1081 2498 parum
1109 2456 1286 2499 adspectu
1315 2457 1534 2500 dissiniiles3
1562 2468 1636 2490 una

103 2514 402 2556 subregulariter
428 2512 861 2555 dichotomo-fastigiata,
887 2513 1016 2545 eaden]
1044 2514 1169 2546 forsan
1192 2525 1273 2558 quae
1288 2524 1308 2546 a
1324 2514 1470 2557 Harvey
1486 2516 1634 2547 nomine

102 2574 325 2614 ‹myursmtae
353 2571 542 2614 quondam
571 2570 765 2612 designata
791 2570 924 2611 sueritg
952 2570 1023 2602 alia
1046 2572 1339 2604 subflabellatim
1356 2572 1634 2614 polychotorna,

105 2631 254 2662 nomine
291 2626 384 2661 Poll.
424 2626 680 2668 multipartita?
720 2638 740 2659 a
776 2627 923 2669 Harvey
962 2628 1050 2659 olim
1090 2630 1287 2672 inscriptag
1326 2629 1398 2661 alia
1431 2633 1634 2672 segmentis

104 2687 309 2719 linearibus
350 2688 532 2729 pinnatini
565 2687 775 2728 dispositis„
815 2686 888 2718 alia
914 2686 1073 2729 (lenique
1101 2688 1267 2728 (senilis)
1293 2690 1495 2730 segmentis
1526 2689 1634 2722 latio-

104 2745 207 2777 ribus
242 2745 485 2787 margineque
513 2743 835 2786 subinaequalibus
860 2744 1003 2775 inferne
1032 2745 1214 2787 pinnatim
1242 2745 1446 2788 dispositis,
1473 2756 1633 2789 superne

103 2801 337 2834 dichotomis.
390 2800 474 2833 Haec
500 2804 626 2833 autem
654 2801 779 2833 omnia
803 2801 1036 2833 intermediis
1067 2803 1256 2835 confluere
1283 2802 1472 2835 videntur.
