1728 3110
118 111 425 166 Polysejphom'm
723 107 1006 150 Rnononfflffi.
1535 109 1591 151 90
1603 110 1624 150 7

117 238 317 288 seruntur;
363 242 446 276 tum
484 238 702 287 nonnullae,
741 243 940 278 structura
977 240 1171 292 peculiari
1210 240 1403 293 insignes,
1441 252 1538 291 quas
1578 239 1627 278 ad

118 303 433 351 Sarcomeniam,
474 309 560 343 utut
595 305 733 344 habitu
771 310 832 343 sat
869 305 1062 352 diversaS,
1100 308 1252 345 referre
1290 321 1408 346 ausus
1439 321 1540 353 sum,
1570 306 1627 344 vi-

117 371 264 409 delicet
301 372 505 425 Polysiph.
539 373 761 419 miniatam,
801 374 844 412 P.
877 374 1113 413 mutabilem
1146 379 1186 413 et
1215 375 1258 413 P.
1290 374 1498 413 Victoriae.
1556 375 1631 412 Est

116 438 155 476 in
193 438 253 476 his
293 451 453 490 quoque
491 440 601 479 frons
638 453 786 492 anceps
825 440 1171 492 heterosiphonia,
1214 442 1451 494 siphonibus
1483 453 1629 493 nempe

116 506 404 557 marginalibus
431 506 641 545 latioribus
665 511 706 545 et
729 507 942 546 facialibus
970 508 1270 559 angustioribus
1289 512 1492 547 contexta.
1524 509 1627 546 Dum

115 585 210 611 vero
255 573 295 610 in
342 573 680 625 Heterosiphonia
724 575 957 626 Montagnei
1012 574 1203 626 siphones
1251 575 1493 626 marginales
1539 579 1630 614 sunt

114 639 326 678 facialibus
371 652 485 690 aeque
531 641 663 693 longi,
709 641 746 679 h.
786 654 820 679 0.
871 654 1011 680 01111105
1055 642 1314 680 articulorum
1360 642 1629 693 longitudine,

115 711 206 745 sunt
246 711 384 745 contra
422 707 461 745 in
500 708 712 760 speciebus
750 708 895 754 allatis,
937 720 1034 758 quas
1067 708 1116 747 ad
1149 708 1479 760 Polysiljssioniam
1510 713 1629 747 antea

114 775 350 822 retulerunt,
391 776 581 828 siphones
623 776 867 828 marginales
906 776 1117 815 facialibus
1155 777 1278 828 duplo
1316 776 1536 822 breviores,
1576 777 1629 815 ita

115 846 156 880 ut
193 842 362 894 singulis
405 844 584 882 articulis
615 843 806 896 siphones
839 843 1083 895 marginales
1114 843 1300 894 utrinque
1330 843 1355 881 2
1385 843 1629 895 superpositi

114 911 406 962 respondeant3
446 924 522 962 qua
562 915 657 950 nota
694 912 850 964 species
881 912 1014 950 allatae
1046 924 1136 949 cum
1169 911 1445 950 Sarcomeniae
1476 910 1630 963 specie-

114 978 186 1016 bus
217 978 478 1018 conveniunt.

225 1045 460 1097 Specierum
500 1046 803 1098 Polysiphonize
842 1046 1055 1099 diagnosin
1094 1045 1376 1084 difficillimam
1407 1045 1633 1084 habuerunt

114 1113 306 1165 Algologi
343 1114 427 1152 fere
466 1127 628 1163 omnes3
667 1127 742 1152 nec
780 1115 857 1153 hoc
887 1115 1045 1165 injuria.
1106 1114 1160 1152 Et
1190 1114 1297 1151 enim
1330 1113 1511 1163 ejusdem
1541 1124 1631 1164 spe-

114 1180 192 1218 ciei
238 1181 379 1220 formae
423 1195 494 1233 pro
540 1185 659 1220 101010
704 1186 744 1220 01
786 1186 890 1220 statu
936 1182 1085 1234 plantae
1124 1193 1373 1233 magnopere
1413 1179 1631 1219 dissimiles

115 1253 350 1299 occurrunt;
382 1254 420 1287 et
451 1250 556 1287 inter
587 1249 766 1301 singulas
797 1249 953 1301 species
979 1249 1230 1287 characteres
1256 1247 1498 1299 diagnostici
1524 1259 1632 1298 aegre

114 1315 386 1355 inveniuntur.
460 1316 604 1367 Neque
649 1317 699 1355 de
744 1317 957 1368 speciebus
1001 1315 1291 1368 vulgatissimis
1322 1328 1507 1365 quaenam
1539 1314 1631 1360 sint,

114 1387 182 1421 aut
211 1396 330 1434 quam
371 1384 452 1422 late
481 1387 647 1435 pateant
676 1383 752 1423 sibi
784 1384 889 1423 bene
920 1384 1127 1435 cognitum
1158 1384 1385 1423 habuerunt
1414 1381 1632 1434 Algologi3

116 1450 221 1489 unde
258 1450 408 1489 factum
448 1456 508 1489 est
546 1455 588 1489 ut
618 1455 658 1489 et
689 1451 761 1490 sub
793 1451 964 1489 diversis
995 1451 1227 1490 nominibus
1259 1451 1428 1496 eaedem,
1459 1451 1532 1488 sub
1563 1450 1631 1487 115-

115 1520 204 1558 dem
238 1519 410 1558 diversae
441 1519 701 1557 venditantur
731 1518 901 1570 species.
970 1517 1275 1568 Quemcumque
1306 1521 1464 1564 statum,
1496 1529 1633 1567 quam-

115 1598 193 1636 que
231 1585 401 1625 formam
439 1585 616 1638 speciem
659 1585 854 1624 fecerunt.
914 1585 1015 1623 Cum
1047 1585 1234 1637 Harveyo
1266 1585 1389 1636 igitur
1419 1585 1525 1623 haud
1556 1584 1632 1623 dif-

116 1652 234 1690 ficilis
264 1652 550 1699 consentirem,
584 1652 745 1690 dicente
776 1664 884 1703 aegre
915 1664 1041 1702 genus
1073 1651 1114 1690 in
1146 1656 1230 1691 toto
1257 1652 1488 1690 Plantarum
1506 1664 1632 1703 regno

116 1720 302 1767 inveniri,
342 1720 449 1771 quod
487 1724 547 1758 tot
583 1719 796 1771 speciebus
834 1719 945 1757 falsis
985 1719 1170 1758 obrutum
1211 1722 1329 1757 esset.
1399 1717 1442 1756 Si
1473 1718 1534 1756 his
1564 1717 1632 1755 ad-

115 1789 213 1827 dere
244 1788 359 1834 velis,
391 1787 704 1834 characteribus,
742 1787 809 1837 qui
849 1800 872 1824 a
910 1786 1198 1825 laudatissimis
1237 1797 1399 1836 quoque
1444 1786 1633 1825 Observa-

115 1855 269 1894 toribus
307 1856 487 1908 ipsorum
526 1855 738 1907 speciebus
777 1854 1018 1900 tribuuntur,
1058 1853 1178 1891 fidem
1218 1853 1341 1892 tribui
1380 1866 1459 1892 non
1500 1865 1633 1905 posse,

115 1922 336 1975 perspicias
367 1934 484 1975 spero
524 1925 673 1972 quanta
717 1921 955 1960 difficultate
1001 1921 1170 1967 laborat,
1208 1920 1276 1971 qui
1316 1920 1393 1959 hoc
1431 1920 1632 1959 stabulum

116 1990 260 2042 Augiae
300 2002 473 2042 purgare
506 1989 582 2028 sibi
614 1988 884 2041 proposuerit.
943 1989 988 2026 In
1020 1987 1224 2040 farragine
1257 1987 1483 2040 specierum
1515 1987 1633 2025 salsa-

115 2071 201 2096 rum
234 2057 319 2097 sola
349 2057 573 2109 specimina
604 2056 835 2095 authentica
866 2055 987 2094 dubia
1019 2056 1177 2094 solvere
1210 2056 1392 2105 valeant;
1425 2067 1514 2105 quae
1536 2067 1633 2093 vero

117 2137 237 2175 quum
276 2124 394 2163 nobis
432 2124 472 2162 in
511 2123 722 2176 permultis
766 2123 1004 2169 defuerunt,
1049 2122 1206 2174 species
1245 2122 1633 2161 etiam‘nostrorum

118 2190 286 2228 marium
324 2190 546 2242 perhibitas
584 2190 688 2228 inter
724 2190 986 2240 inquirendas
1023 2201 1175 2241 ponere
1207 2189 1345 2235 malui,
1376 2201 1494 2239 quam
1526 2188 1634 2240 peri-

117 2257 251 2295 culum
281 2258 415 2296 facere
446 2258 495 2296 ad
527 2257 727 2308 ejusmodi
759 2257 975 2308 diagnoses
1006 2256 1163 2308 species
1194 2255 1336 2294 dubias
1367 2255 1597 2306 disponere.

225 2324 545 2376 Dispositionem
579 2324 684 2374 quod
717 2324 861 2362 attinet
890 2323 1131 2375 specierum,
1164 2335 1282 2373 quam
1314 2323 1391 2361 hoc
1421 2323 1511 2360 1000
1541 2334 1633 2373 pro-

118 2391 246 2443 posui,
294 2403 422 2443 pauca
465 2391 595 2429 habeo
634 2391 935 2453 praemonenda.
1001 2390 1046 2428 In
1086 2391 1184 2428 duas
1214 2389 1352 2435 series,
1384 2387 1632 2439 oligosipho-

118 2458 204 2496 nias
252 2462 291 2495 et
334 2457 651 2509 polysiphonias,
696 2462 738 2495 ut
768 2457 852 2507 jam
896 2469 1016 2509 supra
1054 2456 1244 2501 indicavi,
1276 2455 1432 2506 species
1463 2455 1632 2503 abeunt.;

120 2529 161 2563 ut
190 2529 322 2563 autem
354 2524 528 2563 faciliori
560 2523 745 2575 diagnosi
777 2524 1069 2569 satisfacerem,
1108 2522 1265 2574 species
1296 2521 1470 2559 minutas
1500 2533 1523 2558 a
1553 2534 1633 2559 ma-

112 2591 271 2641 joribus
308 2590 506 2643 separavi,
544 2595 585 2628 et
614 2590 760 2628 seriem
790 2589 1143 2642 Herposiphoniae,
1175 2591 1382 2640 praeeunte
1413 2587 1632 2639 Kutzingio

120 2658 322 2698 constitui.
368 2658 477 2696 Intra
507 2657 632 2695 series
663 2657 809 2697 Tribus
839 2657 1041 2696 naturales
1060 2656 1235 2695 condere
1254 2654 1506 2706 periclitatus
1524 2668 1632 2706 sum;

121 2726 252 2775 quoad
293 2723 624 2776 Oligosiphonias
654 2724 694 2763 id
725 2728 878 2764 tantum
917 2736 1118 2768 moneam,
1150 2722 1307 2773 species
1338 2721 1551 2760 corticatas
1582 2723 1632 2761 ab

122 2791 360 2837 ecorticatis‚
393 2795 434 2828 ut
463 2789 700 2840 quibusdam
733 2791 898 2843 placuit,
930 2803 1009 2828 non
1042 2790 1145 2828 bene
1183 2787 1383 2839 separari;
1421 2788 1632 2839 permultae

122 2857 290 2910 species,
321 2869 419 2908 quas
451 2856 630 2895 omnium
661 2869 862 2897 consensu
893 2856 1123 2895 articulatas
1147 2854 1299 2901 dicunt,
1323 2854 1515 2894 corticale
1532 2860 1631 2895 stra-
