1728 3110
111 119 134 159 8
145 119 167 160 5
177 120 201 156 ss
729 101 1023 161 vRHODOMELEAE.
1386 125 1642 167 Martensia.

221 252 438 291 flabellatis
494 251 599 290 intra
653 251 878 303 marginem
932 263 1071 304 grosse
1125 251 1334 290 dentatum
1378 251 1642 301 lobatumque

220 317 467 364 fenestratis,
514 317 668 356 frondis
713 322 828 369 parte
870 318 1063 369 contigua
1099 329 1202 369 vage
1247 318 1428 356 areolata
1464 317 1643 356 fenestra

220 384 347 423 multo
392 384 594 435 longiore,
634 384 784 423 areolis
814 384 1006 422 fenestrae
1038 384 1478 436 subrectangularibus,
1509 385 1642 423 trabe-

220 450 322 489 culis
354 450 720 502 longitudinalibus
767 451 887 489 dorso
920 451 1113 497 dilatatis,
1146 451 1274 490 latere
1305 451 1642 497 membranaceis,

218 517 558 557 transversalibus
604 517 878 563 filiformibus,
919 517 1158 557 accessoriis
1189 517 1430 564 numerosis,
1463 517 1642 569 sphaero-

218 585 349 637 sporis
401 584 566 623 minutis
617 583 657 622 in
711 583 932 622 trabeculae
987 584 1114 622 latere
1160 583 1517 636 subii-regulariter
1562 584 1641 623 dis·
1694 578 1696 580 V

221 651 379 704 positis.

202 730 403 764 Martensia
428 729 572 772 fragilis
599 727 720 761 Ham».
747 727 769 762 l.
797 737 824 761 c.
854 726 950 771 Ceyl.
978 727 1059 772 Aly.
1087 728 1214 762 eoesz'ec.
1242 737 1302 762 wo
1329 731 1364 763 5!

218 800 320 839 Hab.
354 799 396 838 in
427 812 582 838 oceano
614 798 756 838 Indico
788 799 839 838 ad
871 812 961 838 oras
993 798 1187 851 Ceylonae
1218 799 1449 851 (Harveyl).

199 878 258 911 Ad
296 879 345 911 M.
383 877 592 920 elegantem
626 880 704 910 tota
730 880 920 910 structura
945 877 1021 910 lucc
1047 879 1140 911 adeo
1166 879 1319 918 accedit,
1345 882 1386 911 ut
1413 879 1458 911 de
1485 878 1641 911 diversi-

110 938 183 969 tate
211 937 381 980 specifica
406 937 518 969 liceat
551 937 735 970 dubitare.
786 937 824 969 In
859 939 1045 969 structura
1071 938 1187 980 partis
1214 938 1427 970 senestratae
1454 942 1491 969 et
1518 937 1644 980 dispo-

108 995 242 1027 sitione
281 994 629 1038 sphaerosporarum
670 995 810 1027 nullam
853 995 1100 1027 differentiam
1139 995 1315 1038 detegere
1355 995 1467 1028 valui.
1525 997 1644 1029 Frons

107 1054 231 1085 autem
265 1054 311 1087 M.
342 1053 487 1095 fragilis
515 1056 568 1085 cst
596 1064 746 1097 quoque
773 1054 901 1087 adulta
929 1053 1264 1097 di-polychotoma‚
1292 1055 1494 1097 segmentis
1516 1064 1643 1097 supre-

107 1112 176 1143 mis
214 1111 425 1152 flabellatis,
466 1113 525 1144 vix
566 1121 727 1154 unguem
764 1112 965 1144 latitudine
1007 1112 1282 1155 superantibus,
1308 1112 1512 1145 fenestrata
1539 1115 1643 1156 parte

106 1169 171 1200 vix
197 1169 216 1201 2
243 1169 360 1202 lineas
390 1170 627 1213 longitudine
656 1173 867 1213 superante,
895 1173 930 1201 et
957 1169 1027 1203 hoc
1056 1170 1168 1204 modo
1201 1170 1321 1203 multo
1349 1172 1531 1204 minorem
1561 1182 1644 1214 par-

108 1230 181 1259 tem
226 1229 341 1260 totius
380 1228 526 1261 frondis
554 1230 703 1260 circiter
740 1221 915 1271 pollicem
944 1228 1077 1270 longer,
1105 1230 1368 1261 constituente.
1421 1231 1549 1272 Margo
1576 1240 1644 1273 pro

106 1286 253 1318 ratione
280 1285 416 1329 plantae
443 1287 584 1319 firmior
611 1289 646 1318 ct
673 1287 839 1329 grossius
866 1286 1059 1329 dentatus,
1088 1287 1188 1330 quod
1218 1290 1342 1320 tamen
1360 1289 1644 1320 inincrescente

106 1344 239 1377 fronde
279 1346 324 1378 M.
364 1344 547 1387 elegantis
586 1355 684 1377 nunc
712 1354 862 1388 quoque
891 1345 1017 1377 videre
1044 1345 1143 1377 licet.
1192 1346 1235 1378 In
1266 1346 1474 1378 substantia
1500 1346 1644 1379 frondis

106 1403 366 1443 differentiam,
404 1404 484 1447 ipso
524 1404 671 1436 nomine
710 1403 921 1441 indicata-m,
960 1406 1091 1436 auctor
1125 1404 1262 1447 speciei
1302 1407 1494 1443 memorat,
1534 1414 1641 1447 quam

106 1472 196 1494 vero
223 1473 268 1494 ex
297 1462 423 1505 planta
451 1462 636 1494 exsiccata
663 1471 795 1494 eruere
822 1471 895 1494 non
923 1461 1024 1494 licet.
1075 1461 1252 1506 Caespites
1280 1473 1442 1507 quoque,
1469 1463 1642 1505 Harveyo

106 1519 341 1558 observante,
368 1520 505 1551 eximie
531 1519 689 1552 rosulati
717 1520 876 1552 formam
901 1519 1111 1553 Melobesiae
1128 1521 1400 1563 agariciformis
1416 1521 1642 1561 referentes,

106 1577 259 1610 frondes
286 1578 490 1609 innumerae
516 1577 681 1609 faciebus
708 1578 868 1609 invicem
903 1578 948 1610 ad
980 1578 1139 1611 mediam
1169 1581 1310 1622 partem
1339 1580 1391 1612 ita
1405 1579 1643 1621 cohaerentes,

109 1638 148 1668 ut
174 1636 323 1668 nonnisi
350 1635 562 1667 dilaceratae
589 1638 822 1678 separentur.

198 1694 446 1733 Differentias‚
485 1704 567 1736 quae
605 1704 625 1725 a
651 1694 772 1726 forma
799 1694 960 1736 caespitis
987 1693 1215 1732 derivantur,
1243 1695 1280 1726 in
1309 1695 1480 1737 diagnosi
1509 1696 1645 1740 speciei

107 1751 345 1784 introducere
383 1751 501 1793 nolui,
541 1762 654 1795 quum
684 1752 888 1794 specimina
914 1751 1025 1783 undis
1056 1751 1295 1793 circumjecta
1323 1754 1561 1796 potissimum
1588 1755 1643 1786 in-

107 1810 229 1843 dicare
255 1809 346 1842 mihi
360 1809 551 1842 videntur.
578 1810 788 1853 Specimina
804 1809 962 1842 collecta
977 1820 1061 1841 cum
1078 1809 1187 1842 undis
1203 1809 1340 1852 rejecta
1355 1811 1478 1851 fuisse,
1494 1821 1644 1854 quoque

108 1869 331 1901 memoravit
369 1871 512 1900 auctor.
562 1868 641 1900 Hoc
681 1867 793 1900 niodo
828 1867 1058 1900 differentias
1099 1870 1237 1900 statum
1265 1868 1449 1911 quendam
1480 1869 1642 1912 peculia-

106 1936 185 1958 rem
226 1926 480 1969 speciminum⁷
508 1926 634 1968 potius
669 1936 779 1969 quain
808 1925 1055 1957 differentiam
1084 1926 1289 1968 specificam
1319 1926 1528 1968 indigitare,
1556 1938 1641 1961 con-

101 1982 214 2024 jicere
241 1983 383 2016 liceret.

105 2132 143 2170 5.
174 2131 226 2170 M.
272 2144 555 2170 DENTICULATA
601 2132 741 2181 (Ham
778 2133 822 2168 m
853 2130 956 2169 Mar.
989 2132 1074 2169 Bos.
1104 2133 1150 2180 of
1184 2133 1295 2173 VVest.
1326 2138 1447 2172 (lustr.
1479 2147 1539 2173 mo
1568 2135 1641 2183 45)

217 2197 374 2236 frondis
405 2197 636 2237 subsessilis
668 2197 907 2237 flabellatim
939 2210 1133 2249 expansae
1164 2199 1529 2252 di-polychotomae
1555 2214 1642 2253 seg-

216 2263 364 2301 mentis
411 2263 674 2302 inferioribus
720 2263 942 2302 linearibus
990 2265 1207 2316 contiguis,
1239 2266 1517 2318 superioribus
1549 2268 1640 2307 sub-

217 2328 435 2368 flabellatis
479 2328 586 2367 intra
632 2328 857 2380 marginem
896 2329 1020 2368 dense
1052 2330 1346 2370 denticulatum
1376 2333 1641 2384 lobatumque

218 2395 634 2442 iterato-fenestratis,
680 2400 984 2447 segmentorum
1025 2402 1140 2448 parte
1170 2399 1362 2450 contigua
1392 2412 1495 2451 vage
1526 2412 1640 2439 areo-

217 2462 299 2501 lata
330 2463 494 2502 demum
525 2462 704 2500 fenestra
735 2462 937 2508 breviore,
970 2464 1118 2503 areolis
1142 2465 1333 2505 fenestrae
1350 2467 1640 2519 subrectangu-

217 2528 383 2575 laribus,
417 2528 636 2568 trabeculis
668 2528 1035 2580 longitudinalibus
1067 2531 1187 2571 dorso
1220 2532 1482 2571 acutiusculis
1513 2533 1640 2571 latere

219 2596 556 2642 membranaceis,
588 2596 925 2635 transversalibus
957 2598 1250 2646 conformibus,
1282 2600 1519 2639 accessoriis
1546 2602 1638 2640 sub-

218 2664 355 2710 nullis,
387 2664 684 2716 sphaerosporis
715 2664 756 2702 in
789 2665 1009 2703 trabeculae
1042 2667 1169 2706 latere
1199 2668 1521 2708 subuniseriatis.

197 2744 399 2777 Martensia
425 2743 653 2776 denticulata
680 2741 799 2776 Har-v.
827 2742 849 2776 l.
876 2753 905 2776 c.
930 2744 969 2777 in
994 2745 1387 2782 Trans.1r2·shf.Acacl.
1411 2747 1484 2782 Vol.
1502 2749 1637 2783 XXII.

105 2809 141 2841 p.
170 2800 253 2833 537!
281 2798 395 2842 Phyc.
422 2802 543 2833 austr.
570 2799 643 2833 tab.
673 2799 884 2834 CXXVII!

202 2857 347 2889 Exsicc.
373 2855 494 2890 Harv.
523 2857 654 2891 Austr.
682 2857 764 2902 Aly.
790 2867 849 2891 wo
876 2858 958 2891 112!
