1728 3110
143 155 235 196 738
781 150 1011 194 Guoxnnnzffi.
1379 150 1661 198 Lomentarz'a.

232 284 352 317 Utrum
384 283 625 325 Lomentariae,
659 282 917 325 Chrysymeniae
953 292 995 315 an
1023 282 1149 315 diversi
1177 284 1316 316 omnino
1343 287 1481 325 generis
1507 288 1553 320 sit
1578 296 1661 329 spe-

141 345 222 386 cies,
263 341 436 376 fructibus
474 343 614 385 ignotis,
650 341 754 374 hodie
793 342 932 374 omnino
958 341 1053 374 latet.
1104 342 1361 384 Chrysymeniae
1389 346 1516 378 uvariae
1544 345 1661 379 forsan

140 402 306 434 affinitate
344 401 521 442 proxima,
559 401 602 432 ob
629 401 782 433 ramulos
809 400 1010 433 articulatos
1037 409 1116 433 cum
1152 401 1381 435 Lomentariis
1407 402 1523 436 forsan
1551 405 1661 444 magis

139 461 259 495 habitu
286 461 565 503 convenientem,
593 460 635 492 ad
661 460 793 492 calcem
820 458 921 500 hujus
948 461 1085 500 generis
1112 459 1213 492 hodie
1241 460 1492 502 disponendam
1517 462 1661 496 credidi.

138 644 211 683 Ill?
243 648 498 683 SACClOPnORA.
543 642 816 694 Cystocarpia
846 641 1021 682 ramulis
1052 641 1298 682 vesiculosis
1330 654 1356 682 a
1386 643 1503 684 caule
1532 644 1660 686 solido

443 710 746 762 eyrediemibus
777 712 987 760 immersa,
1019 710 1348 761 hemisphaerica.

143 838 200 877 43.
233 837 412 877 Loiifflr?
443 847 598 875 SACCATA
639 838 774 882 [Grec.
814 838 949 882 mser.)
990 836 1096 873 caule
1134 835 1255 875 solido
1295 838 1511 876 abbreviato
1542 838 1661 876 dense

248 917 398 944 ramoso
439 906 603 943 ramulos
641 904 940 954 simplicissimos
978 903 1254 942 vesicaesormes
1293 906 1474 943 obovalos
1512 905 1547 942 in
1589 918 1662 955 pe—

247 975 380 1011 tiolum
435 973 699 1010 tenuissimum
745 975 958 1009 attenuatos
1004 971 1234 1021 sustinente,
1279 974 1550 1022 spliaerosporis
1596 985 1664 1022 per

248 1040 413 1079 ramulos
446 1040 596 1090 sparsis,
627 1039 843 1077 keramidiis
875 1039 929 1075 vix
963 1038 1245 1087 lieinispliaerioe
1278 1040 1411 1078 inflatis
1429 1040 1662 1078 subitumer·

247 1111 309 1160 sis,
340 1108 511 1158 plurimis
542 1108 821 1157 adproximatis.

228 1186 438 1221 Dumontia'?
467 1187 608 1218 saccata
637 1183 741 1217 Grec).
768 1193 875 1217 macr.

230 1244 476 1288 Cliyloeladia?
504 1246 644 1276 saccata
672 1241 704 1274 J.
732 1242 788 1285 Ay.
817 1243 889 1276 Act.
918 1241 1029 1275 Holm.
1056 1235 1193 1285 Osvers.
1224 1242 1310 1275 4849
1332 1252 1367 1286 p.
1395 1243 1453 1277 89!

248 1317 333 1355 llab.
364 1315 408 1353 ad
442 1326 526 1352 oras
558 1313 770 1351 Californize
802 1313 887 1358 (Ul).
920 1314 1135 1359 Grovillel).

229 1394 353 1426 Caules
393 1394 449 1425 vix
480 1391 678 1433 pollicares,
712 1391 871 1423 crassitie
903 1399 1030 1431 pennae
1057 1390 1265 1423 columbina>
1293 1392 1521 1436 teretiusculi,
1548 1394 1662 1436 solidi,

136 1454 241 1485 ramis
275 1451 433 1494 plurimis
467 1458 552 1490 vage
582 1451 728 1490 ramosi3
755 1451 839 1481 rami
866 1448 941 1481 basi
969 1449 1091 1481 leviter
1117 1449 1284 1482 attenuati
1312 1449 1505 1483 subelavati
1533 1451 1661 1485 obtusi.

135 1512 266 1544 Ramuli
294 1510 585 1549 sublieterogenei
613 1517 630 1540 e
657 1510 762 1541 ramis
789 1511 1021 1550 emergentes,
1049 1509 1178 1550 petiolo
1207 1510 1263 1541 vix
1289 1511 1430 1541 set-aceo
1458 1510 1661 1553 insidentes,

136 1571 314 1603 sacculum
341 1567 758 1608 ol›ovat0-ellipsoi‹leum
787 1567 1142 1610 inflato-tubulosum,
1169 1569 1409 1600 exsiccatione
1432 1570 1571 1601 omnino
1586 1570 1662 1602 ool-

135 1629 309 1662 labentem
344 1626 659 1668 membranaceum,
692 1625 897 1668 reserentes,
929 1626 1099 1658 diametro
1134 1627 1373 1666 longitudinali
1403 1627 1514 1660 3-—40
1540 1628 1661 1669 lineas,

136 1685 358 1720 transversali
387 1684 475 1716 ⁶2⁷ssss
503 1684 617 1723 longo.
667 1683 863 1715 Keramidia
892 1684 964 1715 fere
990 1685 1022 1716 in
1051 1692 1161 1727 soros,
1188 1692 1251 1726 per
1277 1685 1500 1725 superficiem
1529 1685 1660 1717 saeculi

135 1754 289 1787 sparsos,
324 1743 522 1784 conjuncta,
555 1743 694 1774 omuino
729 1741 800 1774 fere
833 1744 1005 1785 immersa,
1042 1743 1191 1783 plurima
1223 1745 1267 1775 ita
1296 1743 1535 1784 adproximata
1566 1744 1660 1775 utin

135 1805 292 1836 sectione
331 1801 576 1841 fragmentario
616 1801 748 1833 frondis
786 1802 882 1843 plura
923 1803 1204 1843 conspiciantur,
1236 1802 1290 1833 fila
1319 1801 1570 1842 gemmidiifera
1597 1802 1661 1834 de-

136 1863 506 1903 composito-ramosa‚
544 1869 561 1892 a
594 1860 755 1902 placenta
792 1860 912 1902 basali,
949 1860 1014 1892 filis
1051 1860 1272 1892 interioribus
1307 1859 1440 1892 frondis
1477 1868 1659 1901 suspensa,

134 1919 401 1961 hemisphael·ice
436 1919 618 1960 radiantia,
652 1920 740 1950 intra
774 1920 1010 1960 pericarpium
1044 1920 1153 1950 strato
1188 1919 1344 1951 corticali
1373 1921 1406 1950 et
1432 1918 1658 1951 subcorticali

134 1977 267 2010 frondis
301 1978 357 2009 vix
391 1978 522 2009 mutato
556 1977 740 2009 formatum
776 1979 934 2019 recepta,
967 1977 1151 2017 gemmidia
1186 1976 1519 2017 elongato-obovata
1558 1977 1660 2019 pedi-

135 2036 259 2068 cellata
297 2036 331 2067 in
371 2035 526 2067 articulis
564 2035 806 2067 terminalibus
844 2035 978 2066 filorum
1017 2034 1166 2067 evoluta.
1222 2034 1494 2078 Spliaerosporas
1521 2036 1554 2067 in
1583 2036 1658 2068 aliis

134 2093 323 2126 individuis
350 2102 412 2134 per
439 2093 661 2134 superficiem
688 2093 819 2125 sacculi
848 2093 954 2125 deuse
981 2101 1122 2133 sparsas
1150 2093 1237 2135 vidi·⁷
1265 2093 1462 2126 rotundatae
1489 2095 1523 2125 et
1549 2094 1659 2125 trian-

136 2152 213 2192 gule
252 2151 372 2184 divisae
420 2149 500 2182 milii
539 2150 786 2192 adparuerunt.
855 2150 956 2182 Color
981 2152 1267 2192 atropurpureus.
1323 2150 1523 2185 Substantia
1551 2151 1658 2184 caulis

135 2209 552 2250 carnoso-earlilaginea·⁷
581 2209 793 2242 ramulorum
820 2208 1096 2241 membranacea.

227 2290 443 2332 Quamquam
483 2289 572 2322 liano
610 2291 765 2331 speciem
806 2290 848 2322 ad
886 2292 1003 2331 typum
1043 2291 1244 2330 genoricum
1284 2290 1317 2322 L.
1347 2292 1455 2325 ovalis
1482 2293 1657 2326 conditam

135 2350 358 2381 considerare
393 2349 508 2390 liceat,
542 2351 656 2380 tamen
685 2348 765 2382 mihi
793 2347 933 2380 dubium
960 2350 1077 2380 manet
1103 2357 1190 2380 anne
1217 2350 1335 2390 potius
1362 2351 1499 2389 generis
1525 2352 1657 2392 proprii

134 2408 180 2439 sit
213 2407 326 2447 typica
360 2407 510 2446 species.
567 2406 720 2439 Stratum
754 2408 844 2439 enim
877 2406 1122 2438 intermedium
1156 2406 1302 2449 frondis,
1330 2409 1422 2449 quod
1447 2410 1480 2441 in
1506 2408 1657 2441 Lomen-

134 2467 232 2497 tariae
270 2464 457 2507 speciebus
494 2466 645 2505 propriis
683 2467 772 2497 inter
809 2465 864 2497 fila
903 2467 1199 2498 anastomosantia
1238 2467 1403 2498 interiora
1441 2469 1476 2498 et
1513 2467 1656 2500 cellulas

134 2524 309 2555 coloratas
334 2524 518 2555 cortioales
546 2524 752 2567 disponitur,
779 2525 811 2557 in
840 2524 979 2557 ramulis
1005 2524 1040 2556 L.
1068 2527 1220 2557 saccatae
1237 2525 1428 2558 desiderari
1444 2526 1526 2558 milii
1545 2535 1656 2567 appa-

134 2584 218 2622 ruit3
244 2585 277 2616 in
305 2581 368 2614 hac
395 2583 486 2614 enim
513 2584 632 2623 specie
659 2583 714 2615 fila
740 2584 904 2616 interiora
930 2583 1072 2616 densius
1100 2585 1261 2616 intricata
1288 2585 1369 2616 sunt
1396 2587 1429 2616 et
1455 2585 1655 2617 immediate

135 2639 276 2671 cellulas
303 2640 498 2677 corticales,
524 2640 683 2681 pluribus
709 2641 868 2674 seriebus
896 2641 1165 2685 subdispositas,
1203 2644 1388 2675 sustinent.
1446 2643 1654 2686 Keramidia‚

133 2698 247 2731 frondi
275 2698 346 2731 sere
373 2701 513 2731 omnino
540 2700 714 2743 immersa,
739 2701 892 2742 plantam
919 2698 1207 2742 Cryptonemeam
1233 2702 1464 2743 mentiuntur,
1485 2702 1539 2733 fila
1555 2710 1654 2742 gem-

134 2756 305 2789 midiisera
332 2759 442 2798 magis
468 2766 571 2800 quam
586 2759 619 2790 in
634 2757 862 2792 Lomentariis
878 2767 1024 2800 ramosa,
1042 2759 1094 2792 illa
1112 2759 1527 2802 Sphaerococcoidearum
1543 2770 1670 2811 zema--

133 2815 250 2858 lautia,
284 2816 345 2848 sed
381 2817 516 2849 articuli
549 2818 748 2850 terminales
786 2820 918 2850 tantum
950 2821 1173 2859 praegnantes
1205 2818 1365 2851 videntur
1399 2822 1433 2851 et
1467 2819 1654 2859 gemmidia
1712 2843 1713 2846 η

134 2871 205 2903 sere
226 2872 438 2914 pyriformia.
476 2874 511 2907 In
539 2875 637 2908 caule
663 2876 774 2908 solido
802 2876 936 2909 cellulae
962 2878 1146 2909 interiores
1173 2877 1331 2917 oblongae
1357 2877 1653 2918 longitudinaliter

134 2930 316 2974 elongatae,
351 2932 622 2966 endochromate
657 2935 708 2975 (in
741 2934 952 2976 madefacta)
987 2936 1136 2968 tenuiori
1171 2936 1324 2969 colorato
1357 2936 1551 2977 instruetae3
1579 2935 1653 2967 oel-
