1728 3110
108 129 131 169 8
146 130 199 170 Μ
731 126 1017 168 Rnonomfflffi.
1296 131 1637 184 Acanthophora.

104 261 274 299 tei-iores
306 259 456 297 sensim
488 258 681 307 minores,
713 259 845 299 donec
876 260 1089 299 corticales
1119 260 1438 299 endochromate
1456 260 1637 299 colorato

103 327 278 372 refertae,
325 326 543 365 admodum
583 327 763 373 minutae,
795 341 814 365 a
849 326 1065 380 superficie
1100 327 1198 366 visae
1230 327 1315 366 fere
1347 327 1463 366 strias
1495 328 1638 368 abbre-

103 393 231 431 viatas
261 392 455 431 referunt.

215 460 387 498 Fructus
433 474 454 498 a
486 462 642 501 ramulo
669 462 843 511 juvenili
878 462 1167 501 transformati.
1228 462 1464 501 Keramidia
1503 462 1544 500 in
1575 474 1637 500 ra-

105 527 213 566 mulo
260 527 501 566 brevissimo
547 532 615 567 aut
660 529 781 580 paulo
827 529 1014 579 longiore
1047 528 1279 566 terminalia
1310 528 1490 579 obliqua,
1522 529 1639 581 spina

104 594 303 633 fulcrante
349 594 538 634 deorsum
588 595 695 633 flexa
740 608 849 647 stupe
888 596 1101 642 calc-arata,
1134 586 1305 647 globoso
1339 600 1408 634 aut
1438 596 1636 648 oblongo—

104 666 236 708 ovata,
290 662 395 700 intra
446 663 717 715 pericarpium
772 663 1011 702 cellulosum
1068 653 1475 715 pleiostromatictim‚
1521 663 1636 715 apice

103 729 377 780 carpostomio
410 730 584 780 regulari
618 734 816 781 apertum,
849 732 1037 768 nucleum
1072 731 1266 770 foventia.
1327 730 1498 769 Cellulae
1530 731 1636 782 peri-

103 795 230 847 carpii
277 797 505 834 exteriores
552 797 1010 848 rotundato-angulatae‚
1058 798 1316 850 superficiem
1350 798 1460 836 nullo
1493 797 1636 836 ordine

103 863 325 915 conspicuo
371 865 592 902 areolatam
634 865 877 916 praebentes,
910 866 1126 904 interiores
1158 865 1287 916 magis
1319 865 1536 916 elongatae,
1568 876 1636 902 en-

103 929 366 969 (lochromate
413 930 546 968 minus
592 931 813 982 conspicuo
860 932 1067 978 coloratae,
1112 930 1463 982 longitudinaliter
1501 930 1636 982 dispo-

101 995 212 1045 sitae3
245 996 399 1035 intima:
430 997 624 1042 laxiores,
656 997 694 1035 in
729 998 797 1035 tila
828 998 1079 1044 tenuissima,
1113 998 1191 1036 tilis
1223 997 1356 1036 nuclei
1375 997 1636 1043 cohaerentia,

102 1063 312 1101 abeuntes.
372 1064 563 1101 Placenta
614 1064 759 1101 bas-alis
805 1065 1046 1115 sulmbliqua
1089 1065 1128 1102 iu
1163 1066 1230 1102 tila
1261 1064 1435 1115 plurima
1466 1063 1635 1102 fascicu-

101 1129 214 1166 latim
248 1142 406 1167 ramosa
437 1130 589 1179 solutam
622 1131 845 1181 gemundi-a
875 1132 1245 1170 cuneato—ob'ovata
1279 1131 1317 1169 in
1350 1130 1532 1168 articulis
1557 1135 1636 1169 ter-

101 1196 320 1235 minalibus
367 1196 526 1235 filorum
573 1198 774 1248 placentae
821 1199 996 1236 evoluta.
1059 1197 1256 1235 Stichidia
1290 1210 1311 1235 a
1343 1198 1499 1237 ramulo
1532 1197 1635 1235 axil-

100 1263 189 1309 lari‚
221 1276 327 1302 nunc
359 1264 577 1303 admodum
603 1265 793 1316 juvenili,
834 1265 1132 1311 transformata,
1166 1265 1336 1303 sormam
1370 1265 1514 1303 ramuli
1546 1265 1636 1317 plus

100 1331 234 1369 minus
265 1332 482 1378 servantia,
515 1332 643 1384 spinis
677 1333 821 1371 validis
852 1336 1004 1370 armata
1037 1336 1105 1370 aut
1128 1331 1214 1370 fere
1232 1331 1417 1378 inermia,
1443 1331 1635 1384 oblonga,

100 1410 207 1435 nunc
251 1402 364 1449 parte
410 1399 538 1437 sterili
583 1399 769 1437 tenuiore
816 1399 1060 1450 pedicellata
1102 1399 1231 1449 magis
1269 1398 1490 1449 obconica;
1522 1402 1636 1450 parte

100 1464 225 1503 fertili
270 1465 459 1503 dissimili
505 1470 572 1504 aut
616 1465 762 1503 minori
811 1466 1014 1504 terminali
1062 1465 1149 1504 fere
1195 1465 1520 1517 hemisphaerica,
1567 1469 1635 1503 aut

99 1532 267 1581 majore,
299 1533 456 1571 ramulo
488 1537 573 1571 toto
606 1533 744 1579 fertili,
776 1537 843 1571 ant
876 1534 1052 1584 denique
1083 1532 1379 1585 sphaerosporis
1405 1532 1500 1570 etin
1520 1536 1633 1584 parte

100 1598 304 1636 terminali
337 1598 525 1636 dissimili
559 1604 598 1637 et
629 1599 667 1636 in
688 1599 882 1637 inferiore
901 1600 971 1637 vix
988 1600 1254 1638 tansformata
1272 1599 1459 1638 evolutis.
1493 1599 1634 1650 Sphae-

99 1679 281 1717 rosporae
327 1666 368 1704 in
408 1666 648 1717 siphonibus
680 1667 1021 1718 pei-icentralihus
1053 1667 1318 1705 circumcirca
1349 1667 1547 1714 formatae,
1579 1667 1636 1705 ita

99 1732 453 1783 longitudinaliter
483 1733 766 1784 pluriseriatae,
798 1733 999 1784 triangule
1032 1734 1264 1772 subdivisae.

210 1799 349 1838 Genus
394 1799 723 1852 Acanthophorae
765 1801 905 1839 habitu
937 1805 978 1838 et
1008 1804 1203 1839 structura
1238 1800 1307 1838 vix
1339 1813 1361 1838 a
1392 1800 1633 1851 quibusdam

98 1866 314 1916 speciebus
345 1866 651 1918 Polysiphoniae
683 1867 895 1913 abludens,
939 1867 1015 1905 nisi
1059 1868 1193 1906 forsan
1227 1868 1278 1906 ob
1311 1866 1503 1906 corticale
1535 1872 1633 1905 stra-

98 1935 181 1969 tum
228 1932 406 1978 densius,
454 1945 579 1982 usque
626 1933 674 1971 ad
722 1933 858 1985 apices
891 1934 1095 1985 spinarum
1130 1934 1169 1971 in
1202 1933 1387 1985 plurimis
1419 1934 1633 1985 speciebus

98 1998 393 2045 continuatum,
432 1999 618 2038 frondem
652 2001 819 2038 omnino
851 2000 1148 2038 inarticulatam
1182 2000 1524 2051 Acanthophorae,
1556 2001 1632 2039 Po-

98 2065 342 2117 lysiphoniae
390 2080 484 2105 vero
530 2067 782 2105 articulatam
829 2068 967 2105 dicere
999 2067 1139 2113 velles,
1171 2068 1278 2117 quod
1310 2072 1460 2114 tamen,
1492 2072 1632 2120 utpote

98 2145 121 2169 a
152 2132 307 2182 majore
340 2137 408 2170 aut
438 2134 597 2171 minore
630 2134 867 2172 evolutione
899 2133 1011 2171 strati
1043 2134 1248 2172 corticalis
1265 2135 1462 2185 pendens,
1487 2135 1631 2174 verbo-

97 2212 184 2236 rum
216 2199 345 2249 magis
377 2211 495 2249 quam
528 2200 586 2237 rei
621 2199 894 2238 differentiam
926 2200 1176 2238 contendere
1207 2200 1362 2238 liceret.
1414 2201 1559 2251 Neque
1590 2202 1629 2239 in

97 2268 294 2302 structura
342 2265 559 2303 keramidii
606 2266 692 2303 fere
738 2266 859 2303 ullam
906 2266 1026 2304 video
1072 2266 1359 2312 differentiam,
1391 2267 1629 2305 cellularum

96 2330 316 2382 pericarpii
349 2330 658 2382 dispositionem
693 2331 725 2369 si
758 2332 955 2383 excipias,
988 2344 1078 2382 quae
1110 2333 1148 2370 in
1183 2333 1500 2385 Acanthophora
1516 2335 1628 2384 quasi

96 2396 360 2443 inordinatas,
414 2397 454 2435 in
502 2397 791 2448 Polysiphonia
838 2398 1192 2449 longitudinaliter
1236 2405 1328 2437 sunt
1373 2400 1531 2439 seriatae
1578 2425 1631 2428 —

101 2464 208 2513 quod
242 2475 404 2514 quoque
435 2464 474 2502 in
508 2464 744 2502 diversitate
777 2465 889 2502 strati
921 2465 1124 2504 corticalis
1155 2479 1268 2504 suam
1285 2466 1629 2518 habeatexplica-

96 2530 263 2568 tionem.
327 2530 630 2582 Sphaerosporis
677 2543 772 2569 vero
821 2531 1077 2582 potissimum
1125 2533 1284 2571 diversa
1331 2546 1483 2584 genera
1529 2534 1628 2572 mihi

95 2597 313 2647 adparent:
362 2597 402 2634 in
449 2596 631 2635 articulis
675 2597 862 2635 nimirum
911 2598 1215 2650 Polysiphoniae
1247 2600 1417 2651 singulas
1449 2601 1627 2651 sphaero-

96 2677 228 2714 sporae
272 2668 531 2715 generantur,
576 2664 684 2702 unde
715 2664 819 2702 serie
853 2665 968 2702 unica
1003 2666 1290 2717 longitudinali
1324 2666 1527 2718 spiraliter
1558 2668 1626 2704 asl-

96 2730 317 2767 scendente
365 2730 654 2781 disponuntur3
707 2730 1050 2781 Acanthophorae
1105 2744 1202 2770 vero
1248 2732 1439 2782 siphones
1486 2746 1626 2772 omnes

95 2796 386 2845 pericentrales
431 2802 688 2848 praegnantes
733 2797 813 2835 sint
856 2822 906 2825 —-
940 2797 972 2834 si
1005 2810 1166 2848 quoque
1198 2799 1236 2836 in
1272 2799 1478 2837 nonnullis
1509 2800 1625 2838 abor-

97 2861 245 2899 tiantur
290 2888 343 2890 rss-
388 2876 512 2913 quare
559 2864 910 2914 longitudinaliter
962 2864 1250 2915 pluriseriatae,
1304 2866 1626 2904 transversaliter
