1728 3110
166 131 189 171 9
197 130 221 169 0
231 129 255 170 2
785 126 1067 169 Rnonomm.
1374 129 1682 184 Polysiphomssa.

272 259 349 297 Pro
381 261 500 296 aetate
531 261 569 295 et
600 262 783 309 tempore
815 257 910 296 anni
950 257 1112 296 diverso
1143 256 1379 308 adspectum
1410 259 1565 294 mutant
1594 268 1681 308 spe-

161 326 244 363 cies
282 325 483 377 plurimae.
553 324 763 363 Juveniles
796 330 836 363 et
857 323 1105 387 gutheridiis
1135 323 1343 361 instructae
1374 327 1519 374 gerunt
1548 322 1682 374 apices

159 405 363 432 ramorum
407 392 737 443 ramulorumque
781 392 1005 444 saepissime
1048 390 1257 442 penicillo,
1296 390 1336 428 in
1380 390 1593 441 speciebus
1623 390 1683 428 di-

160 462 287 500 versis
319 463 408 513 plus
439 462 571 500 minus
616 463 756 509 denso,
796 462 960 514 hyalino
999 463 1316 513 purpurascente
1346 464 1415 497 aut
1445 459 1682 510 nigricante,

160 529 348 568 librarum
395 530 721 568 tenuissimarum
761 534 998 579 coronatos3
1038 528 1150 568 fibrae
1189 527 1515 576 monosiphoniae
1545 528 1681 567 dicho-

159 600 280 634 tomae
325 610 480 635 sursum
529 600 759 635 attenuatae.
834 596 1021 635 Penicilli
1061 596 1128 634 isti
1167 596 1207 634 in
1245 595 1430 648 plurimis
1470 595 1681 647 speciebus

160 663 389 713 observati;
428 663 468 701 in
509 663 697 702 omnibus
728 663 941 715 speciebus
972 662 1286 715 oligosiphoniis
1317 662 1384 700 vix
1418 661 1541 701 dubie
1571 666 1680 701 certo

159 735 343 784 tempore
384 736 618 784 praesentes.
685 731 829 770 Utrum
870 731 908 769 in
949 731 1156 770 nonnullis
1193 731 1406 783 speciebus
1448 730 1681 782 polysipho-

159 798 236 836 niis
283 799 448 838 omnino
495 798 798 844 desiderentur,
852 812 901 836 an
948 802 1101 836 tantum
1152 799 1433 837 observatores
1476 797 1681 847 hucusque

159 865 351 916 fugerint,
383 866 481 904 mihi
513 879 592 904 non
625 871 778 903 certum
811 866 982 904 videtur.
1046 865 1215 904 Steriles
1246 865 1411 904 frondes
1441 864 1681 916 plerumque

158 933 335 971 ramulos
383 933 534 971 liabent
576 933 812 984 pauciores;
868 938 1051 985 tempore
1094 932 1419 971 fructificationis
1463 931 1680 983 adpropin-

159 1005 321 1051 quante,
367 1000 510 1038 ramuli
556 999 745 1038 laterales
790 999 829 1037 in
880 1000 1014 1038 multis
1054 999 1268 1052 speciebus
1309 998 1574 1051 proveniunt3
1613 997 1680 1036 ubi

157 1067 302 1105 ramuli
334 1067 400 1105 isti
433 1067 646 1119 pauciores
685 1071 725 1105 et
754 1067 875 1105 ramis
907 1066 1138 1105 conformes
1170 1070 1274 1112 sunt,
1307 1079 1446 1117 parum
1479 1069 1681 1111 not-antur,

157 1147 290 1173 ramos
330 1135 487 1173 diceres
525 1134 691 1172 ramulis
732 1134 1009 1173 conformibus
1040 1133 1242 1185 virgatos3
1273 1133 1312 1171 in
1345 1130 1552 1171 nonnullis
1583 1143 1679 1170 vero

157 1201 387 1240 densissimi
427 1201 685 1253 proveniunt,
725 1200 1022 1239 ramiticatione
1059 1205 1099 1238 et
1135 1200 1328 1252 adspectu
1367 1199 1456 1251 plus
1496 1198 1627 1237 minus
1658 1210 1681 1235 a
1714 1201 1715 1205 ’

156 1270 278 1308 ramis
316 1270 569 1315 abludentes,
607 1268 815 1308 molliores
853 1274 921 1307 aut
959 1269 1188 1320 rigidiores,
1220 1268 1352 1307 obtusi
1385 1272 1454 1306 aut
1483 1266 1679 1305 attenuati
1714 1273 1715 1278 ’

157 1341 198 1374 et
227 1350 336 1389 saepe
375 1336 859 1388 subulam-s]uniformes,
898 1335 1207 1388 simpliciusculi
1239 1341 1307 1374 aut
1337 1334 1578 1374 densissime
1609 1334 1677 1372 de-

157 1405 386 1456 compositi.
424 1404 634 1442 tiuveniles
666 1409 705 1441 et
735 1403 893 1441 steriles
926 1403 1069 1441 ramuli
1101 1402 1305 1454 penicillis
1336 1415 1433 1441 mox
1466 1401 1678 1453 descriptis
1727 1423 1728 1430 κ

157 1471 376 1517 terminati,
409 1471 699 1509 fructificantes
737 1470 886 1508 sensim
919 1469 1124 1522 penicillis
1156 1469 1410 1508 denudantur
1441 1474 1481 1507 et
1511 1468 1678 1520 rigidio-

155 1552 219 1576 res
258 1539 447 1585 evadunt,
486 1538 682 1577 fructibus
721 1538 881 1577 etl'oetis
918 1538 995 1590 ipsi
1034 1537 1178 1576 ramuli
1209 1537 1249 1576 in
1283 1537 1420 1575 multis
1457 1537 1680 1584 solvuntur,

156 1610 197 1644 et
233 1606 398 1644 frondes
437 1606 653 1644 denudata}
691 1606 731 1643 in
775 1605 910 1643 multis
941 1604 1172 1656 persistunt.
1234 1604 1394 1642 Ramuli
1426 1604 1679 1655 sphaerospo-

154 1672 269 1710 riferi
307 1672 436 1723 magis
474 1672 743 1723 decompositi
782 1684 899 1721 quam
939 1671 1165 1709 keramidia
1202 1675 1411 1721 gerentes,
1450 1670 1490 1708 in
1529 1682 1680 1721 genere

155 1741 255 1778 mihi
287 1741 552 1779 obvenerunt.

265 1808 311 1846 In
356 1807 544 1847 omnibus
590 1808 700 1846 frons
739 1819 878 1845 revera
921 1811 981 1845 est
1018 1806 1243 1853 articulata,
1283 1806 1464 1845 articulis
1502 1818 1598 1846 vero
1637 1806 1678 1844 in

158 1875 365 1914 nonnullis
396 1878 519 1913 strato
551 1874 756 1913 exteriore
788 1874 971 1913 cortic-ali
1003 1874 1201 1913 obductis.
1271 1873 1443 1913 Cellulae
1477 1887 1624 1927 nempe
1654 1873 1680 1911 4

156 1945 225 1979 aut
261 1941 397 1993 plures
435 1940 543 1978 cirea
581 1941 816 1986 eentralem,
856 1940 954 1992 ipsis
986 1941 1184 1979 diametro
1218 1953 1323 1979 nunc
1354 1941 1540 1980 latiorem
1572 1952 1679 1980 nunc

154 2007 444 2059 angustiorem,
482 2007 738 2058 longitudine
778 2007 921 2045 iisdem
963 2007 1177 2057 aequalem,
1218 2007 1256 2045 in
1298 2008 1438 2046 orbem
1469 2007 1678 2059 dispositae

155 2074 347 2112 articulos
386 2073 568 2125 singulos
605 2074 645 2111 in
685 2074 873 2113 omnibus
916 2074 1130 2126 speciebus
1173 2074 1435 2114 constituunt.
1506 2074 1677 2113 Oellulae

154 2142 243 2180 istae
288 2141 599 2193 pericentrales,
645 2153 743 2191 quas
790 2141 981 2193 siphones
1026 2146 1195 2188 vocant,
1234 2145 1325 2180 sunt
1363 2142 1678 2181 endochromate

155 2209 363 2247 colorante
394 2208 576 2259 replet-ee,
608 2208 830 2259 parietibus
861 2208 1036 2260 hyalinis
1068 2209 1212 2247 crassis
1243 2209 1585 2261 polystromaticis
1615 2209 1675 2247 in-

153 2277 285 2315 vicem
317 2281 358 2315 et
388 2290 410 2314 a
440 2276 599 2314 cellulis
629 2275 890 2313 articulorum
922 2276 1202 2327 proximorum
1234 2281 1442 2328 separatae.
1482 2276 1675 2322 Parietes,

155 2344 301 2394 quibus
345 2343 503 2381 articuli
548 2342 725 2394 proximi
772 2347 1027 2393 separantur,
1073 2343 1261 2394 genicula
1299 2347 1468 2393 vocant;
1506 2347 1599 2381 sunt
1634 2343 1674 2381 in

154 2411 299 2448 fronde
335 2409 529 2448 inferiore
567 2409 852 2447 nonnullarum
891 2409 1118 2460 specierum
1162 2413 1277 2447 extra
1308 2409 1499 2448 articulos
1531 2410 1675 2448 leviter

153 2477 449 2529 prominentes,
495 2475 535 2514 in
582 2475 782 2521 omnibus,
813 2488 979 2525 quarum
1026 2476 1217 2528 siphones
1262 2476 1372 2522 nudi,
1412 2476 1524 2526 quasi
1564 2476 1675 2514 linea

154 2544 317 2595 hyalina
355 2543 546 2582 articulos
585 2546 830 2594 septu-antes.
896 2543 972 2581 Ubi
1006 2542 1197 2594 siphones
1229 2543 1324 2581 nudi
1356 2547 1532 2589 manent,
1564 2543 1673 2582 frons

154 2610 231 2648 hoc
275 2611 396 2649 modo
441 2614 611 2648 externe
658 2608 869 2646 articulata
907 2609 1106 2657 cernitur;
1144 2603 1189 2647 in
1223 2609 1360 2647 multis
1398 2614 1531 2647 autem
1568 2608 1673 2647 inter

1709 1473 1715 1506 ι

1709 1525 1712 1568 2

1708 1647 1711 1656 ι

1708 1698 1709 1727 1
1724 1692 1728 1708 l

1704 1955 1728 1994 7⁵

1704 2006 1728 2047 tl

1704 2071 1728 2113 'l

1713 2143 1728 2179 Ἰ

1719 2218 1728 2247 ί

1718 2286 1728 2314 5

1723 2558 1728 2575 t

154 2677 345 2728 siphones
384 2681 423 2715 et
462 2677 501 2714 in
541 2676 688 2727 angulo
728 2675 933 2714 exteriore
965 2676 1147 2715 oriuntur
1178 2675 1291 2726 quasi
1324 2676 1452 2727 spatia
1482 2675 1670 2714 intercel-
1721 2691 1723 2694 ¹

154 2744 310 2790 lularia,
350 2743 665 2782 endochromate
703 2742 851 2780 sensim
892 2742 1061 2794 repleta,
1092 2742 1259 2780 cellulas
1291 2755 1415 2780 novas
1448 2743 1506 2791 (h.
1539 2754 1573 2780 e.
1610 2754 1670 2779 se-

154 2810 255 2848 riem
295 2809 509 2862 siphonum
557 2809 822 2857 exteriorem)
869 2809 1167 2848 constituentia.
1245 2808 1445 2859 Siphones
1490 2809 1584 2848 novi
1630 2809 1669 2846 in

156 2876 290 2914 multis
329 2875 498 2914 eandem
539 2888 628 2914 cum
668 2876 1004 2927 pericentralibus
1042 2875 1215 2928 propriis
1253 2875 1549 2925 longitudinem
1589 2888 1668 2913 ser·
1726 2895 1728 2902 ι
