1728 3110
72 113 378 167 Polyst'pltom'a.
677 106 959 147 Rnonmmfflffi.
1461 103 1513 143 40
1523 104 1547 143 0
1557 103 1579 143 5

71 238 158 272 culis
185 239 427 277 brevioribus,
456 240 492 271 in
519 238 647 281 planta
673 238 752 269 tota
777 237 969 279 superiore
998 236 1141 269 facilius
1168 235 1448 280 conspiciendis.
1487 234 1519 267 A
1545 234 1583 266 P.

71 298 254 339 variegata¹
278 300 313 328 et
329 298 364 329 P.
381 296 587 329 collabente
610 295 733 327 dill'ert
747 294 870 337 planta
901 295 1082 333 crassiori,
1109 294 1259 326 densius
1281 296 1316 326 et
1331 303 1478 326 sursum
1504 291 1585 325 lon-

70 357 149 399 gius
177 355 363 393 eorticata,
401 353 643 386 articulorum
682 352 918 394 longitudine
957 355 992 383 et
1031 352 1289 395 siphoniuibus
1314 352 1346 384 4.
1397 353 1435 384 P.
1463 350 1585 383 brevi-

69 413 260 447 articulata
286 416 340 445 cst
368 413 493 456 planta
520 413 635 454 magis
662 411 868 443 lateraliter
899 421 1054 450 ramosa,
1081 412 1202 443 minus
1235 412 1421 449 corticata,
1450 410 1585 442 articu-

69 473 187 515 lisque
215 470 451 503 brcvioribus
480 472 670 502 instructa.

157 530 197 562 Iu
223 530 261 562 P.
288 528 473 571 elongella
509 527 773 570 sphaerosporu·
812 526 911 558 linea
938 526 1178 559 transversali
1219 526 1419 569 aliquando
1460 526 1586 558 divisse

70 588 323 626 observantur,
349 588 451 630 quasi
490 587 649 618 cruciata
687 585 867 618 divisione
895 585 932 616 in
960 588 1085 626 partes
1124 594 1209 617 suas
1237 584 1486 617 solverentur.
1537 583 1587 616 At

69 647 103 679 iu
130 645 258 678 eodem
287 646 485 689 specimine
513 643 699 687 triangule
727 644 865 676 divisas
895 642 981 675 vidi.

70 794 132 833 76.
164 795 206 833 P.
239 805 399 832 oRNATA
430 794 482 843 (J.
522 792 596 841 Ay.
641 792 730 841 Azy.
774 793 866 830 med.
890 805 932 839 p.
966 791 1066 842 1:35)
1109 792 1274 843 caespite
1305 791 1588 838 erectiuseulo‚

180 860 258 899 tilis
289 859 834 911 decomposito-diehotomis
853 858 1012 896 inferne
1030 857 1275 897 firmioribus
1293 871 1447 896 sursum
1467 858 1587 910 longe

177 926 380 966 eortieatis
426 926 542 978 epioe
590 925 855 971 tenuioribus,
910 924 1048 963 axillis
1099 926 1344 977 patentibus,
1389 924 1588 963 fertilibus

175 995 299 1033 dense
330 994 510 1045 virgatis,
541 993 706 1031 ramulis
737 991 1066 1044 simplieiusculis
1105 996 1173 1030 aut
1214 992 1589 1031 divaricato-furea—

175 1061 226 1100 tis
268 1074 290 1098 a
330 1061 415 1099 basi
448 1061 567 1112 longe
610 1059 840 1105 attenuatis,
883 1058 1063 1097 articulis
1105 1059 1349 1111 4-siphoniis
1391 1060 1589 1098 diametro

177 1127 375 1179 subduplo
396 1127 663 1173 brevioribus,
682 1125 973 1178 spheerosporis
991 1126 1030 1164 in
1050 1126 1215 1165 ramulis
1234 1126 1589 1165 distorto-flexuo-

179 1195 232 1234 sis
263 1195 434 1241 seriatis‚
465 1194 702 1233 keramidiis
734 1223 907 1233 .....

160 1287 429 1332 Polysiphonia
456 1290 586 1320 ornata
612 1285 644 1319 J.
671 1285 738 1329 Aa.
766 1285 789 1319 l.
814 1285 886 1319 c.!!
910 1285 1022 1320 Kz'ttz.
1050 1285 1114 1328 Sp.
1136 1295 1177 1328 p.
1204 1286 1286 1319 829!

160 1349 199 1380 P.
227 1349 349 1391 caspia.
374 1344 486 1379 Κίὶτε.
514 1344 627 1388 Phyc.
650 1354 731 1388 qen.
753 1354 793 1387 p.
820 1346 888 1378 430
913 1347 946 1378 et
971 1344 1035 1387 Sp.
1066 1344 1147 1387 Aly.
1168 1353 1209 1386 p.
1238 1343 1335 1377 832!!

174 1428 275 1466 Hah.
310 1427 415 1466 inter
444 1427 612 1466 corallia
642 1431 682 1465 et
711 1427 811 1465 alias
850 1427 961 1478 algas
1006 1426 1145 1464 limitis
1187 1425 1374 1464 intricata
1418 1423 1458 1462 in
1489 1422 1590 1461 mari

68 1494 260 1534 adriatico
294 1494 596 1542 (Biasolettol);
628 1493 668 1531 in
702 1493 799 1531 mari
834 1493 983 1545 Caspio
1015 1492 1302 1538 (Eiehwaldl).

160 1583 304 1627 Czrspes
331 1584 696 1627 globoso-expansus
722 1583 813 1615 3-*4
839 1583 1037 1626 polliceris,
1063 1583 1207 1615 inferne
1232 1589 1591 1625 pul-pm·aseens‚su-

68 1653 180 1687 perne
207 1643 330 1676 colore
358 1643 538 1675 vividiorc
566 1643 601 1674 in
628 1652 777 1674 roseum
806 1646 870 1674 aut
897 1652 1071 1674 carneum
1100 1640 1266 1673 tendens.
1310 1639 1390 1672 Fila
1415 1638 1592 1682 primaria

69 1713 225 1746 pennam
252 1703 480 1745 passerinam
509 1711 640 1740 crassa,
667 1710 824 1744 superne
852 1701 887 1732 in
915 1700 1120 1732 crassitiem
1148 1698 1360 1742 capillarem
1393 1698 1592 1735 attenuata,

69 1761 211 1793 inferne
246 1760 615 1792 dicaricato-ramosa.
640 1760 676 1791 in
706 1759 893 1802 caespitem
929 1758 1127 1791 radicalem
1156 1757 1330 1789 intricata
1358 1758 1394 1788 et
1420 1766 1514 1798 saepe
1541 1756 1592 1787 ita

70 1819 330 1862 conglutinata,
356 1822 397 1851 ut
424 1829 499 1851 non
530 1819 601 1850 nisi
638 1818 765 1850 fractis
804 1818 916 1849 ramis
956 1816 1185 1856 extricanda,
1224 1816 1309 1848 dein
1346 1814 1593 1847 erectiuscula

70 1878 296 1917 dichotoma,
326 1877 451 1910 axillis
478 1878 614 1909 eximie.
646 1876 871 1919 patentibus,
910 1886 1041 1919 parum
1068 1875 1265 1917 fastigiata,
1290 1874 1405 1906 ramis
1430 1874 1468 1905 in
1494 1872 1592 1904 latus

73 1936 224 1979 dejectis
252 1937 354 1979 vagis
380 1946 478 1968 nune
505 1935 727 1967 secundatis.
778 1935 883 1967 Rami
910 1944 930 1966 a
955 1934 1034 1966 basi
1074 1933 1207 1966 latiore
1235 1933 1371 1965 sensim
1398 1932 1588 1971 attenuati,

71 1995 198 2028 eodem
227 1995 337 2027 modo
364 1994 485 2034 divisi,
511 1993 742 2036 ramulisque
770 2002 900 2025 versus
927 1993 1068 2035 apicem
1096 1991 1334 2024 densioribus
1362 1991 1487 2024 obsiti.
1522 1991 1592 2023 Ra-

26 2052 29 2055 ’
71 2054 163 2087 muli
189 2054 482 2097 prolificationes
508 2051 735 2091 aemulantes,
763 2053 874 2084 ramis
902 2051 1022 2084 multo
1049 2052 1250 2090 tenuiores,
1277 2051 1352 2083 sere
1378 2049 1592 2083 horizonta-

70 2111 155 2145 liter
181 2112 425 2155 egredientes,
450 2111 619 2150 flexuosi,
646 2111 840 2143 inferiores
881 2109 1172 2153 simplieiusculi,
1211 2110 1420 2152 superiores
1458 2108 1591 2141 surcati

70 2173 133 2203 aut
160 2170 374 2207 dichotomi,
401 2180 420 2202 a
447 2170 525 2202 basi
555 2169 689 2202 latiore
717 2169 827 2211 longe
855 2169 1048 2201 attenuati.
1099 2167 1263 2201 Articuli
1290 2169 1327 2200 in
1355 2170 1432 2200 tota
1459 2167 1591 2200 fronde

70 2228 244 2261 inferiore
273 2228 450 2260 corticata
475 2228 539 2259 vix
572 2227 838 2269 distinguendi,
881 2228 916 2259 in
955 2227 1067 2259 ramis
1110 2226 1369 2270 superioribus
1407 2225 1591 2258 diametro

71 2285 145 2318 fere
171 2285 325 2318 dimidio
353 2285 556 2326 breviores,
581 2286 619 2317 in
644 2285 799 2317 ramulis
833 2284 974 2317 ultimis
1013 2284 1248 2317 tenuioribus
1285 2283 1488 2327 aliquando
1515 2282 1591 2314 dia-

71 2347 226 2376 metrum
260 2344 335 2376 fere
372 2347 574 2388 aequanteS.
623 2344 793 2377 Sectione
832 2343 926 2376 facta
965 2343 1216 2382 transversali,
1254 2342 1330 2374 vidi
1368 2340 1542 2385 siphones
1570 2340 1593 2372 4

73 2403 170 2435 cirea·
191 2402 393 2435 centralem
420 2404 637 2441 tenuiorem,
664 2404 781 2435 strato
809 2401 975 2434 corticali
1002 2411 1135 2434 crasso.
1172 2399 1445 2443 Sphzerosporae
1472 2400 1508 2431 in
1536 2409 1592 2431 ra-

72 2461 181 2494 mulis
207 2461 376 2501 evolutae,
402 2460 469 2494 hos
495 2460 658 2493 reddunt
686 2460 1068 2493 distorto-flexuosos.

165 2522 310 2564 Species
349 2519 440 2552 mihi
482 2519 628 2552 videtur
665 2520 763 2552 inter
788 2520 826 2552 P.
854 2518 1197 2552 breviarticulatam
1235 2519 1271 2548 et
1309 2516 1347 2548 P.
1380 2515 1591 2557 elongatam

72 2578 302 2611 intermedia.
351 2578 410 2611 Ab
436 2577 500 2610 illa
526 2577 647 2610 differt
674 2578 805 2610 fronde
833 2577 952 2610 multo
979 2577 1130 2618 lougius
1157 2574 1335 2607 corticata
1361 2575 1396 2604 et
1420 2572 1592 2605 substan-

76 2636 125 2668 tia
149 2637 321 2676 firmiore,
355 2635 622 2668 ramificatione
661 2636 777 2678 magis
821 2635 1206 2676 divaricato-patente,
1245 2630 1475 2672 ramulisque
1512 2630 1591 2662 basi

74 2703 145 2726 non
174 2695 395 2737 attenuatis·7
423 2704 443 2725 a
469 2694 506 2726 P.
537 2692 721 2735 elongella
762 2693 884 2726 differt
921 2691 1187 2724 ramificatione
1226 2689 1342 2731 magis
1381 2690 1529 2731 patente
1556 2691 1592 2720 et

74 2752 279 2795 irregulari,
309 2754 368 2784 vix
406 2752 594 2794 fastigiata
632 2751 797 2792 dicenda,
825 2750 979 2783 ramulis
1018 2747 1320 2791 simplicioribuS,
1346 2746 1591 2790 articulisque

75 2809 321 2844 brevioribus.
372 2813 515 2843 statum
542 2809 766 2853 peculiarem
799 2811 837 2842 P.
864 2807 1058 2851 elongellae
1085 2806 1236 2838 credere
1264 2805 1403 2845 liceret,
1430 2806 1499 2837 nisi
1527 2805 1591 2837 ob-

78 2871 212 2902 starent
237 2869 382 2902 art-iculi
409 2869 613 2901 breviores.
642 2869 715 2901 Nee
741 2868 952 2901 reticulatio
979 2865 1123 2899 frondis
1150 2864 1276 2897 eadem
1305 2866 1341 2896 et
1368 2864 1419 2895 ita-
1445 2864 1591 2906 regula-
