1728 3110
57 117 280 160 Toem‘oma.
659 111 939 154 Rnonomuffl.
1438 112 1489 154 12
1499 116 1521 155 5
1535 113 1557 154 7

54 254 187 279 orsum
219 242 519 289 continuantur)
550 253 783 279 excurrens.
843 242 1144 295 Sphaerosporae
1175 244 1374 295 triangule
1405 243 1561 289 divisae,

54 308 158 346 intra
187 309 455 361 perisporium
487 308 566 346 late
596 312 809 346 extensum
841 310 1080 349 nidulantes.
1126 312 1233 350 lnter
1262 312 1562 364 sphaerosporas

54 375 278 415 vicinorum
311 376 568 414 articulorum
602 375 774 421 eellulae,
813 376 1034 416 directione
1065 378 1167 417 radii
1198 380 1463 431 prolongatas,
1494 391 1562 430 ge-

56 442 189 488 minae,
221 443 393 482 invicem
420 448 461 481 et
490 455 579 480 cum
611 442 759 493 pagina
788 443 1006 494 parallelae,
1035 445 1140 483 inter
1169 445 1379 498 siphonem
1410 451 1562 484 centra-

56 510 133 548 lem
166 515 206 548 et
236 510 478 562 marginales
509 509 678 547 cellulas
718 513 911 556 extensae‚
943 511 1130 562 genicula
1160 513 1272 563 quasi
1303 513 1563 552 constituunt.

166 578 303 617 Genus
334 577 661 629 Polysiphoniam
694 588 783 614 cum
824 577 1084 616 Sal-comenia
1128 580 1425 630 quodammodo
1470 591 1563 618 con-

48 644 237 695 jungens.
302 645 509 684 Structura
539 657 686 696 nempe
718 644 773 682 iili
806 644 955 682 sterilis
986 649 1045 682 est
1069 651 1212 684 exacte
1243 646 1564 698 Polysiphoniae;

55 711 283 751 stichidium
310 712 493 763 juvenile
524 712 642 750 offert
658 707 896 749 structuram
928 712 1082 751 frondis
1098 713 1246 751 sterilis
1270 713 1564 763 Sarcomeniae;

56 782 252 817 maturum
285 784 345 818 est
374 778 617 817 vittaeforme
648 783 768 828 atque
799 778 1002 830 duplicem
1027 779 1172 817 seriem
1199 779 1566 831 sphaerosporarum

57 850 237 895 generat,
270 850 312 884 ut
348 858 508 896 quoque
537 846 575 883 in
611 845 885 883 Sarcomenia.
945 845 1114 883 Fructus
1145 858 1233 884 cum
1266 846 1567 898 Polysiphonia,

57 917 254 951 structura
293 912 447 952 frondis
489 912 637 950 sterilis
683 924 773 949 cum
820 911 1080 950 Sarcomenia
1126 913 1373 965 conjungere
1418 916 1565 951 vetant.

56 980 273 1032 Hucusque
305 982 462 1019 unicam
495 985 535 1019 et.
565 979 826 1032 perpusillam
858 980 1050 1031 speciem,
1095 981 1180 1019 fere
1226 981 1361 1020 habitu
1406 985 1445 1019 et
1482 992 1568 1019 cre-

57 1047 194 1086 scendi
226 1048 346 1087 modo
379 1047 656 1095 Oallithamnii
688 1047 840 1093 Rothii,
872 1047 969 1085 mihi
1001 1047 1377 1100 cognitamjtihabeo.

56 1172 103 1211 T.
135 1185 407 1211 PERPUSILLUM
440 1173 493 1221 (J.
526 1171 599 1220 Agl.
628 1171 717 1220 Ang.
757 1172 901 1209 Liebm.
932 1184 992 1210 wo
1022 1171 1093 1217 25)
1139 1173 1304 1224 caespite
1348 1185 1467 1218 nano,
1499 1172 1567 1211 filo

168 1239 359 1291 primario
390 1252 548 1278 ramoso
580 1243 746 1291 repente
776 1239 997 1284 radieante,
1039 1239 1286 1278 secundariis
1317 1239 1568 1278 densissimis

168 1308 427 1347 verticalibus
472 1307 723 1359 simplicibus
766 1312 835 1346 aut
880 1307 1132 1359 sparsissime
1172 1307 1352 1354 ramosis,
1391 1308 1569 1347 articulis

167 1376 364 1414 diametro
402 1375 625 1425 aequalibus
655 1375 679 1412 4
709 1374 921 1427 siphoniis,
966 1374 1163 1413 stichidiis
1194 1375 1233 1413 in
1265 1374 1380 1426 apice
1411 1374 1568 1413 filorum

167 1442 488 1481 subfasciculatis
518 1442 840 1481 vittaeformibus.

150 1521 418 1565 Polysiplionia.
443 1521 649 1565 perpusilla
675 1519 707 1553 J.
735 1518 804 1563 Ay.
831 1519 853 1553 l.
879 1528 907 1552 c.

167 1591 268 1630 Hab.
302 1591 340 1629 in
374 1603 527 1630 oceano
558 1590 728 1642 pacifico
761 1590 810 1628 ad
850 1590 960 1628 littus
1005 1588 1205 1628 Americae
1250 1589 1476 1639 calidioris;
1520 1589 1568 1628 ad

60 1657 118 1696 Szt
146 1657 345 1709 Augustin
377 1657 671 1706 (Liebmannl).

151 1737 287 1770 Habitu
314 1741 349 1769 et
375 1737 563 1770 crescendi
592 1737 701 1770 modo
728 1737 803 1768 sere
826 1736 974 1769 Callith.
1002 1736 1127 1769 Rothii
1154 1737 1327 1775 reserens,
1358 1738 1395 1768 at
1422 1735 1571 1767 brevior

59 1795 133 1827 fere
160 1799 195 1827 et
234 1797 349 1838 magis
388 1806 617 1839 purpureum
647 1795 783 1828 colore.
833 1794 912 1828 Fila
950 1795 1124 1837 primaria.
1149 1794 1324 1826 radiculis
1350 1795 1387 1826 in
1420 1793 1569 1825 modum

58 1853 331 1896 Polysiphoniae
358 1853 551 1895 eujusdam
579 1854 742 1896 repentis
769 1853 903 1892 adfixa,
930 1863 1074 1885 ramosa
1100 1856 1136 1883 et
1161 1853 1343 1892 intricata,
1368 1852 1428 1884 fila
1442 1862 1570 1884 secun-

59 1911 162 1943 daria.
187 1913 250 1944 vix
276 1912 411 1943 lineam
438 1912 550 1954 longa
576 1922 723 1944 sursum
752 1912 971 1943 emittentia.
1004 1911 1044 1943 In
1071 1910 1131 1943 filo
1158 1911 1351 1943 fructifero
1378 1911 1470 1942 rami
1499 1911 1570 1943 ori-

59 1974 174 2004 untur
200 1972 275 2003 sere
301 1971 516 2005 fasciculam.
543 1971 696 2003 secundi
725 1971 867 2003 ordinis
894 1971 968 2001 fere
995 1969 1308 2012 prolificationum
1337 1969 1382 2001 ad
1410 1970 1526 2001 instar
1552 1978 1571 2000 a

60 2029 241 2062 stichidiis
268 2030 453 2073 primariis
480 2033 515 2060 et
542 2029 662 2061 media
686 2030 821 2072 pagina
846 2028 1091 2070 egredientes.

152 2089 323 2122 Sterilem
351 2099 416 2132 pro
442 2088 707 2131 Polysiphonia
732 2087 865 2131 habui3
904 2088 940 2119 in
978 2086 1088 2119 hodie
1127 2086 1336 2118 examinata
1371 2094 1481 2127 pauca
1506 2085 1570 2116 sti-

61 2146 183 2180 chidia
208 2147 412 2184 observavi.
439 2157 593 2190 quarum
624 2150 847 2179 structuram
877 2145 1193 2178 evidentissimam
1223 2143 1311 2176 vidi.

61 2331 252 2386 CLVI.
294 2332 609 2395 SARCOMENIA
651 2350 765 2388 sonci.
802 2350 843 2386 m
876 2348 983 2385 Mom
1011 2349 1045 2384 et
1077 2346 1177 2384 scm.
1209 2345 1292 2384 Bot.
1329 2344 1420 2381 Zeu.
1452 2343 1569 2383 1845.

163 2430 202 2465 p.
233 2417 296 2455 56.
330 2415 418 2464 Ala.
449 2416 589 2454 Preiss.
610 2429 652 2464 p.
682 2416 746 2454 47.
778 2416 893 2453 Katz.
927 2414 989 2460 Sp.
1020 2411 1108 2459 Azy.
1128 2425 1164 2458 p.
1182 2411 1272 2449 880.
1304 2411 1424 2448 Harv.
1456 2410 1569 2458 Phyc.

170 2484 302 2522 Austr.
332 2484 401 2521 sub
432 2484 504 2521 tab.
535 2484 631 2520 XII.
664 2490 763 2527 (non
795 2483 916 2519 Harv.
947 2480 1075 2529 Ner.)‚·
1107 2477 1393 2523 Saroomeniae,
1423 2478 1570 2529 Dasyae

169 2556 209 2590 et
238 2550 539 2603 Polysiphoniae
572 2550 639 2603 Sp.
671 2550 828 2590 Auctor,

61 2664 189 2703 Frons
220 2664 339 2715 plana
368 2667 437 2701 aut
467 2661 680 2709 filiformis,
710 2658 1072 2715 prolificationibus
1103 2670 1125 2695 a
1155 2656 1281 2701 disco,
1298 2655 1459 2694 demum
1477 2655 1567 2695 sub-

171 2729 460 2781 marginalibus
490 2741 661 2775 ramosa,
691 2729 798 2767 nuda
827 2731 894 2765 aut
923 2738 1012 2763 raro
1042 2723 1280 2762 mollissime
1324 2721 1569 2773 penicillata‚

173 2798 364 2836 continua
394 2800 462 2834 aut
491 2795 702 2834 articulata
730 2791 1071 2844 heterosiphonia‚
1102 2789 1338 2841 siphonibus
1368 2801 1514 2842 nempe
1545 2791 1570 2827 4

172 2863 508 2916 pericentralibus
540 2866 579 2900 et
609 2861 896 2914 marginalibus
926 2858 1112 2907 utrinque
1143 2856 1299 2895 duobus
1329 2855 1451 2908 duplo
1480 2856 1569 2895 bre-

1413 2923 1477 2955 81*
