1728 3110
170 115 228 155 77
236 115 263 155 4
803 111 1031 157 CaoxnquAE.
1482 114 1674 162 Ptilom'a.

167 245 265 281 intus
295 244 471 292 adparatu
502 244 642 283 filiroso
673 245 875 295 suffultum,
905 245 975 283 filis
1005 257 1143 295 nempe
1160 246 1360 285 articulatis
1385 253 1673 290 anastomosan-

167 312 276 360 tibus,
307 322 326 348 a
357 312 434 349 basi
478 314 656 362 placentae
700 324 807 350 secus
848 313 1010 362 parietes
1055 314 1256 364 peric-arpii
1299 317 1471 367 extensis,
1509 330 1674 368 superne

167 377 421 428 densioribus,
467 380 585 429 iisque
628 382 808 431 analogis,
853 393 934 432 quae
978 382 1015 418 in
1061 382 1185 430 planta
1228 383 1343 420 sterili
1382 395 1402 420 a
1439 389 1539 423 costa
1577 388 1676 425 inter

167 446 318 483 cellulas
355 447 456 485 strati
497 448 711 486 intermedii
750 452 963 486 excurrunt.
1021 451 1190 487 Placeuta
1223 450 1259 487 in
1291 451 1347 487 [ila
1378 451 1535 499 plurima
1568 453 1675 490 lasti-

167 514 442 560 giam-ramosa
475 518 614 567 soluta;
645 517 789 555 articuli
821 516 1037 554 terminales
1069 518 1333 565 gemmidiileri
1366 518 1524 557 invicem
1556 520 1676 571 liberi,

167 581 263 618 intra
294 583 505 631 periderma
538 585 723 632 hyalinum
756 584 956 632 gemmidia
994 596 1195 633 permagna
1228 585 1551 624 obovata-clavata
1582 588 1675 625 sub-

167 651 355 697 granulata
390 652 569 690 foventes.
629 653 901 701 Spliaerosporoe
934 652 1102 689 nondum
1134 652 1347 690 observatae.

277 721 401 756 Genus
439 724 528 768 puio
566 719 620 756 sui
656 720 764 768 juris,
796 720 1118 756 Bonuemaisoniae
1151 723 1188 756 et
1218 720 1369 757 Deliseae
1400 721 1626 770 proximum,
1656 735 1676 760 a

167 786 452 834 Tliamnopliora
473 787 727 836 etPlocami0‚
759 789 797 822 ut
826 786 914 823 milii
947 786 1106 837 videtur,
1137 788 1247 834 longe
1278 787 1482 837 diversum,
1512 790 1676 836 gemmi-

167 853 236 890 diis
269 854 303 890 in
336 855 481 892 filorum
514 855 679 892 articulis
709 854 895 903 supremis
926 857 1068 892 tantum
1101 855 1278 893 formalis.
1322 856 1677 894 ABonnemaisonia

169 924 205 956 et
233 921 375 958 Delisea
407 921 528 958 differt
557 926 738 959 structura
773 922 916 958 frondis
947 926 984 958 et
1014 923 1082 960 [ilis
1114 923 1398 970 gemmidiiseris
1430 924 1545 972 magis
1563 924 1677 962 elon-

169 988 259 1034 gatis
290 992 327 1025 et
357 989 535 1038 ramosis;
565 990 610 1026 ab
643 993 799 1038 utraque
831 993 1010 1037 praeterea
1042 989 1339 1037 dignoscendum
1372 990 1495 1028 habitu
1528 989 1677 1029 diverso

169 1058 206 1091 et
236 1055 307 1093 situ
337 1057 537 1094 fructuum.
598 1058 873 1106 Spliaerosporae
903 1057 1059 1095 detecta:-
1089 1059 1176 1096 alias
1207 1059 1332 1096 forsan
1363 1058 1503 1096 dabunt
1533 1061 1650 1097 notas.

173 1200 202 1239 l.
235 1204 289 1240 PT.
320 1211 561 1240 moramini
592 1202 734 1248 [Monc.
773 1203 910 1241 Prodr.
950 1203 1059 1252 Phyc.
1100 1208 1182 1241 ant.
1227 1215 1264 1252 p.
1308 1202 1351 1248 3)
1384 1204 1517 1242 fronde
1548 1206 1679 1244 lineari

278 1271 386 1318 plana
418 1271 588 1308 obsolete
619 1275 756 1308 costam
795 1272 1254 1321 decomposilo-pinnata‚
1286 1271 1408 1321 pinnis
1438 1272 1678 1321 pinnulisque

277 1338 444 1387 alternis,
476 1338 613 1375 ultimis
646 1339 863 1375 lanceolatis
893 1339 1476 1390 dentato-serratis,keramidiis
1494 1339 1538 1377 ad
1556 1340 1679 1389 apices

276 1405 527 1455 pinnellarum
559 1407 707 1456 inflatis⁷
738 1418 807 1455 per
837 1406 1012 1444 frondem
1045 1407 1192 1456 sparsis.

261 1494 523 1537 Tliamnophora
561 1495 786 1536 magellanica
825 1494 932 1528 Mont.
965 1495 985 1529 l.
1021 1505 1049 1529 c.
1082 1496 1115 1528 et
1147 1492 1226 1538 Voy.
1254 1494 1329 1529 Pol.
1353 1493 1434 1530 Sud.
1456 1506 1492 1540 p.
1520 1498 1582 1531 462
1610 1498 1679 1532 tab.

169 1554 188 1585 8
263 1579 269 1584 .
296 1555 334 1586 2!

214 1551 494 1645 fiquocamium?
520 1613 784 1653 magellanicum
813 1612 919 1646 Hoolc.
947 1614 979 1646 et
1003 1612 1110 1647 Harv.
1136 1614 1174 1646 in
1200 1611 1309 1647 Lond.
1335 1612 1462 1647 Journ.
1487 1611 1547 1647 IV.
1564 1623 1599 1657 p.
1614 1615 1679 1648 257

168 1670 204 1703 in
230 1670 339 1703 notul.
367 1672 399 1704 et
425 1670 541 1714 Crypt.
568 1673 640 1704 ant.
661 1681 698 1714 p.
727 1673 803 1706 ⁴69.
829 1671 936 1705 llari).
962 1671 1046 1705 Ner.
1074 1673 1186 1706 anstr.
1209 1682 1244 1715 p.
1274 1671 1349 1705 ⁴⁶22.

261 1729 542 1772 Thamnocarpus
570 1731 818 1771 magellanicus
845 1729 945 1764 Ii‘citz.
972 1729 1028 1773 Sp.
1056 1730 1125 1774 Δίῃ.
1149 1741 1183 1774 p.
1211 1731 1292 1763 887!

278 1813 365 1851 Hab.
405 1812 441 1849 in
481 1824 626 1852 oceano
667 1815 817 1851 australi
856 1814 900 1851 ad
941 1814 1075 1851 fretum
1108 1814 1392 1862 Magellanicum
1424 1813 1681 1866 (Jacquinot);

170 1880 213 1917 ad
245 1883 318 1929 Cap
351 1884 463 1931 Horu,
494 1883 634 1919 Insulas
666 1882 838 1920 Falkland
869 1886 906 1919 et
935 1884 1145 1930 Kerguelen
1178 1884 1393 1931 (Hookerl).

262 1969 371 2002 Radix
403 1972 549 2002 scutata.
605 1970 712 2003 Frons
745 1970 1011 2004 membranacea
1041 1972 1164 2012 tenuis,
1192 1970 1325 2004 inferne
1351 1971 1481 2004 tirmior
1505 1972 1681 2019 subcarti-

170 2028 315 2070 laginea,
354 2037 663 2072 roseo-purpurea,
701 2029 1002 2072 2—8-pollicaris,
1040 2030 1220 2062 latitudine
1258 2029 1351 2061 2-3-
1378 2029 1486 2062 lineas
1526 2040 1680 2075 aequans,

170 2087 309 2119 linearis
336 2090 371 2120 at
395 2087 482 2119 infra
508 2088 632 2129 pinnas
660 2088 808 2129 majores
835 2088 957 2120 leviter
983 2088 1134 2130 dilatata,
1162 2087 1276 2130 pinnis
1302 2089 1524 2131 pinnulisque
1551 2091 1681 2122 sensim

171 2144 440 2183 angustioribus.
496 2144 612 2178 Pinnae
643 2145 824 2178 inferiores
858 2154 1032 2178 ramorum
1066 2146 1288 2189 abbreviatae,
1322 2155 1427 2187 supra
1460 2147 1597 2179 axillam
1623 2156 1681 2180 ro-

171 2201 349 2234 tundatum
388 2204 512 2236 eximie
544 2207 714 2246 patentes,
748 2205 949 2246 superiores
982 2204 1187 2245 plerumque
1222 2205 1391 2245 elongatae
1418 2204 1680 2249 decompositae,

171 2261 281 2298 magis
317 2263 455 2293 erectfe.
511 2261 674 2295 Pinnellae
708 2262 908 2295 terminales
935 2262 1150 2304 lanceolam,
1177 2263 1341 2295 interiore
1367 2263 1545 2304 praecipue
1572 2264 1678 2296 latere

171 2319 274 2358 atque
307 2320 406 2360 apice
438 2324 593 2364 serratae,
627 2323 810 2353 serraturis
837 2321 1089 2353 denticulorum
1117 2321 1159 2353 ad
1185 2322 1293 2353 instar
1319 2330 1336 2353 a
1364 2322 1517 2361 margine
1543 2322 1679 2362 integro

170 2375 426 2411 inchoantibus.
486 2378 681 2411 Keramidia
718 2380 753 2411 in
789 2380 915 2420 pagina
950 2378 1052 2419 plana
1084 2370 1318 2419 'pinnellarum
1350 2381 1384 2411 et
1416 2380 1451 2412 in
1479 2380 1554 2421 ipso
1582 2381 1680 2421 apice

171 2433 297 2478 innata,
324 2444 400 2469 raro
428 2438 564 2479 apicnlo
591 2438 700 2470 sterili
727 2428 900 2480 superata,
928 2437 1247 2470 ovato-rotundam.
1304 2436 1449 2478 Species
1475 2446 1518 2470 ex
1546 2437 1681 2470 descri-

170 2495 348 2537 ptionibus
375 2496 486 2529 allatis
514 2498 548 2529 et
573 2497 765 2538 specimine
793 2497 894 2529 unico
921 2494 1002 2528 milii
1029 2497 1180 2536 cognita.

174 2667 426 2721 CXXIII.
474 2665 856 2720 ASPARAGOPSIS
905 2685 1434 2735 Monal’laeytoqrssanarm.
1460 2687 1537 2726 XV.
1567 2687 1679 2725 Endl.

283 2757 374 2793 Gen.
415 2755 467 2793 Pl.
506 2755 638 2804 Suppl.
677 2754 746 2792 III.
782 2765 818 2802 p.
860 2753 918 2792 43.
959 2754 1078 2791 Harv.
1118 2754 1210 2792 Ner.
1249 2758 1376 2790 austr.
1405 2764 1442 2800 p.
1474 2754 1536 2791 88.
1569 2755 1678 2792 lsz'zcz.

284 2824 346 2870 Sp.
385 2822 463 2870 Alq.
499 2834 535 2870 p.
576 2823 665 2860 8002.
706 2822 864 2860 Lictoria
900 2820 934 2859 J.
967 2822 1033 2869 Ay.
1066 2824 1107 2859 in
1137 2821 1300 2858 Linnoea
1332 2820 1407 2858 XV.
1437 2832 1473 2868 p.
1507 2820 1568 2860 ⁶22.
1599 2821 1678 2869 Alq.

284 2890 380 2928 med.
408 2902 446 2939 p.
484 2890 567 2929 446.
600 2890 720 2929 Harv.
752 2889 831 2938 Alq.
866 2890 986 2928 Tasm.
1012 2901 1051 2938 p.
1084 2890 1118 2929 5.
1150 2893 1272 2937 Dasyae
1303 2900 1355 2938 sp.
1387 2888 1505 2926 Mont.
