1728 3110
77 120 300 166 Amansia.
690 120 972 163 RHODOMELEAE.
1471 118 1488 160 1
1505 118 1521 160 1
1538 118 1589 162 15

168 249 364 283 Structura
390 251 543 291 frondis,
573 250 694 295 qualis
720 252 757 283 in
773 251 855 283 aliis
869 251 1056 284 Amansiae
1078 253 1293 296 speciebus3
1309 252 1447 285 lamina
1460 260 1593 294 nempe

79 309 320 341 transversim
359 310 686 349 areolato-zonata,
725 310 827 342 zonis
865 310 1000 352 angulo
1038 314 1139 344 recto
1172 322 1193 344 a
1219 316 1320 344 costa
1357 310 1593 343 exeuntibus.

76 366 182 399 Zonae
210 368 423 401 efficiuntur
449 368 594 401 cellulis
620 367 1171 411 hexagono-rectangularibus‚
1192 370 1329 413 duplici
1345 369 1437 402 serie
1456 369 1501 401 ab
1517 377 1592 401 uno

75 423 120 455 ad
148 423 307 457 alterum
346 428 549 469 marginem
589 428 743 458 extensa
769 428 804 457 et
830 426 953 458 frondi
993 427 1169 470 parallela
1206 428 1407 470 dispositis,
1446 425 1591 458 cellulis

82 483 278 526 utriusque
306 485 414 516 seriei
442 485 730 517 alternantibus.
757 484 796 516 In
825 488 927 528 parte
954 485 1138 525 inferiore,
1166 486 1345 518 divisione
1362 484 1594 523 cellularum,

76 541 196 572 oritur
223 544 379 574 stratum
407 543 591 581 corticale,
618 546 756 576 costam
785 547 978 575 externam
1006 545 1248 581 constituens,
1265 547 1300 575 et
1315 550 1421 575 extra
1436 541 1591 575 cellulas

75 599 279 642 primarias,
307 600 427 633 adhuc
454 601 541 634 dum
572 601 842 644 dignoscendas
870 605 905 633 et·
932 602 1071 645 duplici
1099 603 1191 634 serie
1231 602 1437 644 dispositas,
1467 600 1594 633 evolu-

78 660 174 698 tum·,
205 658 303 690 intra
329 659 479 692 cellulas
512 670 689 692 zonarum
729 661 903 692 oriuntur
942 660 1111 704 qucedam
1151 660 1304 699 cellula,
1330 659 1484 702 siplione
1512 670 1594 691 cen-

76 715 161 748 trali
188 716 462 760 Polysiphonia=
489 718 663 761 analogae,
690 718 836 761 singula
852 721 945 751 serie
972 720 1058 751 etin
1086 719 1205 751 media
1235 720 1363 762 pagina
1380 728 1504 761 paucae
1521 718 1595 750 dis-

76 774 214 816 posita,
240 776 492 809 exterioribus
519 777 638 809 multo
664 778 910 819 angustiores.
962 777 1222 810 Endochroma
1254 777 1486 820 amylaceum
1523 775 1595 808 cel-

75 831 171 865 lulas
198 834 312 875 partis
338 834 525 867 inferioris
553 838 719 878 occupat.

166 891 207 924 In
235 892 329 925 Dict.
357 893 411 926 (31,
437 894 675 927 Lamouroux
703 894 916 927 Amansiam
944 895 1126 937 integram
1150 893 1336 938 quandam
1364 893 1595 932 memoravit,

75 962 153 996 quac
181 952 304 985 forsan
333 964 415 986 cum
442 954 527 986 Am.
556 954 770 997 pinnatitida
808 955 966 987 identica
1003 955 1068 997 sit‘,
1107 954 1172 986 illa
1205 957 1328 986 autem
1357 953 1594 996 indescripta.

168 1011 274 1053 Quod
302 1014 527 1045 structuram
555 1014 688 1045 attinet
722 1013 875 1053 frondis,
913 1013 1058 1055 Hzirvey
1100 1013 1364 1045 animadvertit
1391 1023 1501 1044 zonas
1528 1012 1595 1044 du—

75 1067 181 1111 plicis
218 1071 363 1111 generis
402 1070 541 1111 adesse,
579 1071 670 1103 alias
709 1082 838 1114 nempe
878 1071 1023 1104 cellulis
1049 1082 1069 1103 a
1095 1075 1194 1104 costa
1237 1081 1363 1103 versus
1392 1071 1593 1112 marginem

74 1127 311 1170 longitudine
338 1130 641 1170 increscentibus,
667 1130 757 1162 alias
785 1130 930 1163 cellulis
958 1142 976 1162 a
1006 1131 1171 1173 margine
1201 1135 1341 1162 costam
1370 1129 1595 1162 versuslon-

75 1186 264 1229 gioribus3
306 1187 558 1220 membranam
593 1199 742 1232 quoque
779 1190 1144 1221 monostromaticam
1181 1188 1280 1220 dicit.
1331 1189 1384 1221 Me
1425 1187 1594 1220 frondem

75 1247 297 1286 apparenter
326 1245 376 1276 ita
403 1249 652 1279 constructam
682 1257 760 1278 esse
788 1257 858 1279 non
894 1246 1006 1289 fugitg
1039 1249 1076 1278 at
1108 1245 1215 1278 aliter
1242 1246 1500 1288 explicandam
1531 1257 1595 1288 pu-

77 1305 203 1334 tarem.
252 1303 394 1335 Revera
420 1303 574 1337 cellulas
603 1306 799 1349 utriusque
834 1305 973 1348 pagina*
1001 1305 1166 1337 diversas
1196 1307 1295 1347 puto,
1323 1307 1379 1340 (et
1405 1304 1456 1335 ita
1482 1314 1596 1335 mem-

74 1359 226 1393 branam
256 1362 401 1395 duabus
431 1363 598 1395 seriebus
626 1364 819 1397 conflatam
838 1369 948 1402 esse),
975 1374 1039 1395 nec
1068 1363 1418 1404 omninoeregione
1448 1362 1596 1404 positas,

75 1419 126 1450 ita
152 1422 193 1450 ut
219 1419 362 1452 cenula
390 1422 501 1453 unius
533 1422 675 1464 pagina*
702 1421 785 1454 hinc
815 1423 1144 1464 supereminentes,
1170 1421 1272 1453 illinc
1307 1422 1380 1453 sint
1408 1421 1595 1453 breviores

75 1476 219 1509 cellulis
245 1478 412 1511 alterius.
440 1480 565 1511 Partes
593 1480 812 1513 cellularum
841 1481 1063 1513 excedentes
1090 1490 1220 1513 zonam
1248 1480 1435 1523 propriam
1465 1479 1595 1512 menti-

75 1538 199 1567 untur.

75 1665 112 1703 5.
145 1663 193 1702 A.
223 1664 466 1703 DUPERREYI
496 1665 587 1714 (Ay.
618 1668 669 1705 Ic.
700 1667 788 1715 Ala.
820 1668 917 1705 Eur.
955 1669 1027 1706 tal).
1071 1669 1170 1716 XX)
1213 1668 1357 1707 fronde
1403 1668 1596 1706 corticata

186 1731 330 1770 lineari
362 1745 385 1769 a
415 1733 597 1784 margine
629 1734 825 1786 pinnatim
867 1735 1143 1786 decomposita
1175 1735 1443 1786 dentibusque
1475 1735 1595 1773 subu-

187 1798 277 1836 latis
309 1798 486 1837 incurvis
517 1800 673 1840 frondis
714 1801 967 1840 latitudinem
1009 1803 1338 1852 subaequantibus
1370 1815 1442 1854 per
1471 1806 1596 1840 totam

187 1865 483 1917 longitudinem
517 1868 703 1919 opposite
735 1867 948 1914 fimbriata,
981 1869 1181 1907 stichidiis
1212 1869 1252 1907 in
1285 1869 1473 1907 dentibus
1505 1882 1597 1921 pro-

187 1933 361 1984 longatis
393 1938 433 1971 et
463 1933 752 1986 decompositis
785 1935 1139 1986 provenientibus,
1171 1948 1193 1973 a
1224 1936 1405 1987 margine
1437 1935 1596 1987 egredi-

191 2000 350 2038 entibus
381 2000 601 2039 linearibus
631 2002 822 2048 incurvis,
853 2002 1089 2041 keramidiis
1120 2032 1129 2041 .
1162 2032 1171 2041 .
1203 2031 1212 2040 .
1244 2031 1253 2040 .

170 2078 379 2122 Rytiphlaea
405 2080 615 2123 Duperreyi
642 2080 709 2123 Ay.
738 2080 759 2113 l.
785 2090 813 2114 c.
840 2079 904 2123 Sp.
933 2080 1014 2124 Azy.
1041 2079 1095 2114 II.
1117 2090 1158 2123 p.
1186 2082 1239 2114 52.
1273 2079 1385 2114 Kritz.
1423 2079 1487 2122 Sp.
1515 2079 1596 2123 Aly.

106 2163 113 2170 .
139 2137 217 2170 844.

72 2146 101 2180 p
171 2196 349 2229 Amansia
374 2196 585 2239 Duperreyi
613 2194 645 2229 J.
675 2199 742 2239 Ay.
770 2196 890 2240 Symb.
912 2207 952 2239 p.
980 2198 1035 2230 26.

189 2275 291 2314 Hah.
322 2276 363 2314 in
394 2288 547 2316 oceano
564 2278 754 2317 atlantico
773 2279 967 2318 calidiore
984 2279 1034 2318 ad
1050 2279 1293 2329 Martinique
1314 2279 1595 2330 (Duperrey!).

175 2356 291 2388 Frons
318 2356 465 2387 circiter
491 2355 730 2398 G-pollica1·is‚
758 2368 778 2390 a.
805 2357 906 2391 disco
934 2358 1134 2401 explanato
1162 2367 1328 2399 surgens,
1351 2358 1475 2398 stipite
1492 2356 1596 2388 brevi

81 2414 161 2446 basi
188 2413 431 2446 teretiusculo
459 2424 546 2446 mox
573 2415 807 2459 complanato
826 2419 896 2448 eta
912 2417 1077 2458 margine
1096 2417 1225 2458 pinnas
1253 2414 1464 2447 consimiles
1490 2415 1596 2446 emit-

82 2475 194 2504 tente.
243 2472 367 2504 Pinna*
395 2471 551 2512 majores
578 2476 664 2505 sunt
690 2474 831 2505 inferne
866 2474 1113 2506 teretiusculae
1146 2483 1234 2505 mox
1261 2472 1510 2516 cmnplanatae,
1537 2482 1597 2504 su-

84 2531 249 2573 periores
274 2530 353 2562 basi
380 2533 596 2572 angustatae.
622 2541 748 2564 onmes
772 2536 877 2564 tort-(r
905 2536 939 2563 et
967 2542 1095 2564 revera
1121 2532 1249 2563 faciem
1278 2531 1424 2573 planam
1454 2529 1595 2562 rachidi

83 2588 329 2628 advertentes,
356 2588 524 2626 lineares,
554 2588 640 2620 1-2
667 2589 783 2621 lineas
810 2589 891 2622 latre
911 2590 1116 2632 plananaut
1131 2589 1315 2621 levissime
1336 2588 1598 2628 canaliwlatee,

84 2648 251 2689 margine
277 2648 447 2689 opposite
475 2647 809 2687 serrato-dentatae,
845 2647 1020 2680 dentibus
1047 2651 1083 2678 et
1109 2649 1210 2689 apice
1238 2647 1448 2679 acuminato
1474 2647 1596 2679 incur-

84 2707 150 2738 vis.
199 2706 337 2738 Dentes
364 2706 399 2737 in
428 2708 531 2747 parte
560 2705 678 2738 sterili
705 2705 1304 2747 subulam-incurvi,longitudine
1326 2706 1481 2737 suasere
1496 2705 1596 2738 fron-

85 2765 142 2797 dis
170 2763 406 2796 latitudinem
434 2767 629 2807 aequantes,
669 2765 891 2807 regulariter
918 2765 1089 2807 oppositi,
1126 2774 1211 2796 mox
1252 2764 1442 2803 subdivisi,
1468 2763 1531 2796 alii
1558 2764 1594 2796 in

85 2822 259 2866 pinnulas
285 2823 421 2855 sensim
448 2827 713 2864 excrescentes,
746 2823 807 2856 alii
836 2823 1017 2855 fructiferi
1046 2822 1207 2865 plantam
1234 2822 1396 2854 reddunt
1422 2823 1596 2864 margini-

85 2881 152 2914 bus
179 2881 414 2914 fimbriatam.
463 2879 641 2914 Stichidia
666 2882 704 2914 in
730 2881 905 2915 dentibus
937 2880 1208 2913 transformatis
1243 2880 1422 2923 pinnatim
1450 2880 1596 2913 decom-
