1728 3110
55 101 348 154 Polyphacwn.
665 94 948 137 Rflonoiffltrffl.
1445 89 1463 130 1
1479 87 1530 131 15
1541 88 1564 129 5

55 227 135 267 sita,
162 227 442 260 membranacea
457 225 651 259 etareolas
678 224 896 258 rotundatas
924 224 1189 263 monstrantia3
1217 222 1407 255 adultiora
1432 220 1569 253 sensim

53 286 230 318 ramentis
256 286 493 318 densioribus
521 284 691 322 obducta,
720 282 885 315 coriacea
918 282 1080 314 evadunt
1107 285 1142 314 et
1169 282 1340 314 obscura.
1390 281 1569 313 Ramenta

54 345 98 377 ab
124 346 280 387 utraque
310 345 443 386 pagina
469 352 572 386 {eque
601 340 866 385 provenientia„
895 341 1059 382 margine
1088 340 1270 378 subnudo,
1296 338 1425 382 phylla
1451 338 1570 370 minu-

54 402 196 434 tissima
222 401 395 438 referunt,
422 400 652 433 semilineam
679 399 741 430 vix
769 397 890 440 longa,
917 398 1035 429 forma.
1072 398 1146 429 sere
1185 397 1400 436 lanceolata,
1432 395 1569 439 angulo

53 459 309 502 patentissimo
337 458 575 501 egredientia,
607 458 708 500 apice
746 457 909 493 incurva,
949 455 1206 498 subsimplicia
1242 462 1307 488 aut
1345 465 1440 487 nova
1476 455 1570 486 serie

53 516 285 559 apiculorum
314 517 545 548 minutorum
572 515 702 553 obsita,
735 514 859 547 omnia
898 513 1161 555 rigidiuscula3
1200 513 1380 545 areolatio
1409 514 1445 544 et
1471 521 1571 544 zonae

54 574 205 618 oblique
232 574 499 606 adscendentes
525 575 561 606 in
590 573 645 605 his
671 573 940 613 evidentiores3
967 582 1067 604 zona*
1095 573 1131 604 in
1158 572 1279 604 media
1303 572 1437 614 pagina
1452 574 1571 603 trans-

53 632 225 669 versales.
253 634 389 665 sensim
416 642 545 664 versus
573 632 778 674 marginem
816 630 1059 668 adscendunt,
1098 629 1245 662 cellulis
1272 629 1401 662 media·
1431 630 1571 672 paginae

53 691 334 734 angustioribus
363 701 492 723 venam
520 690 679 722 mediam
706 688 963 728 efficientibus,
988 688 1210 732 demumque
1232 691 1385 720 costam.
1413 688 1571 721 Fructus

52 751 89 783 in
117 750 294 782 ramentis
322 750 479 792 sparsim
508 749 623 791 magis
650 748 811 781 evolutis
853 747 1123 791 provenientes
1174 746 1388 779 Keramidia
1425 746 1572 788 generis

54 819 165 851 supra
190 808 377 850 descripta
402 809 439 840 in
466 806 532 839 hac
559 807 647 838 vidi.
674 805 853 839 Stichidia
878 810 966 845 (sec.
992 805 1158 847 Harvey)
1185 805 1392 848 composita
1418 805 1454 836 in
1471 804 1572 836 diseo

53 876 191 910 sparsa,
219 866 376 907 margini
403 865 622 909 plerumque
649 864 920 908 adproximata,
951 862 1168 906 pedicellata
1200 863 1430 905 corymbosa,
1464 862 1574 894 ramis

53 925 221 968 corymbi
260 925 445 968 primariis
485 923 584 962 3—4,
617 923 774 965 singulis
823 922 995 954 stichidia
1027 922 1195 965 quwdam
1231 920 1389 953 disticha
1415 919 1574 963 pedicel-

53 984 130 1016 lata
157 983 338 1023 involuta,
363 982 408 1014 ab
434 983 612 1014 interiore
651 982 742 1014 sacie
782 991 877 1013 nova
915 981 1009 1013 serie
1049 979 1354 1023 quandoquidem
1382 979 1575 1017 instructa,

55 1041 242 1085 duplicem
268 1043 399 1073 seriem
429 1040 773 1083 Spha’rosporarum
802 1040 974 1072 foventia.
1027 1038 1171 1071 Chai-tm
1199 1049 1270 1071 non
1295 1037 1469 1070 adhaeret.
1507 1036 1576 1070 Co-

52 1100 111 1134 lor
136 1102 329 1133 exsiccata:
355 1100 572 1138 fusoescens,
599 1098 812 1131 madefacta*
839 1101 874 1129 et
896 1097 1075 1139 juvenilis
1102 1097 1249 1130 rubens.

52 1217 90 1254 2.
121 1216 164 1254 P.
197 1226 450 1253 PROLIFERUM
481 1213 683 1263 (Lamour.
714 1213 800 1251 Ess.
821 1225 863 1260 p.
893 1211 965 1257 22)
1006 1211 1161 1251 frondis
1208 1210 1576 1263 prolificationibus

162 1294 334 1319 ramosae
376 1280 527 1333 phyllis
569 1279 988 1319 cuneato-linearibus
1020 1278 1060 1316 in
1094 1278 1228 1318 medio
1260 1283 1328 1316 aut
1356 1278 1460 1316 infra
1491 1277 1575 1330 api-

164 1361 251 1386 cem
286 1347 495 1386 latioribus
538 1347 721 1386 obsolete
760 1346 936 1392 serratis,
967 1345 1160 1384 ramentis
1202 1344 1462 1397 subpeltatim
1504 1357 1576 1382 ex-

162 1415 313 1467 pansis,
345 1419 572 1453 extrorsum
604 1413 902 1459 ramosissimis,
940 1412 1110 1464 apiculis
1142 1411 1411 1463 cylindraceis
1442 1411 1575 1450 diver-

164 1482 364 1534 gentibus

147 1561 395 1595 Osmuudaria
421 1560 597 1604 prolifera
622 1558 798 1593 Lamour.
826 1558 912 1592 Ess.
933 1568 974 1600 p.
1001 1559 1056 1591 23.
1085 1557 1158 1592 tab.
1193 1557 1276 1592 VII.
1290 1557 1476 1602 fiyfftwss!
1507 1559 1576 1592 De·

52 1620 174 1653 caz‘sne
199 1619 239 1651 in
274 1617 359 1660 Voy.
393 1617 525 1651 Venus.
553 1617 621 1651 tab,
649 1619 684 1651 3!

146 1677 399 1721 Polyphacum
428 1677 647 1720 proliserum
675 1674 744 1719 Ay.
770 1675 835 1717 Sp.
863 1675 944 1718 Aly.
970 1674 1053 1717 Lp.
1076 1675 1159 1708 106!
1187 1674 1336 1717 Syst.p.
1353 1675 1437 1708 274!
1464 1673 1576 1708 Sond.

55 1735 137 1779 Azy.
163 1734 303 1768 Preiss.
325 1743 366 1776 p.
393 1735 449 1767 38.
475 1733 595 1767 Hem-r.
622 1733 710 1767 Ner.
739 1734 920 1775 Λυδὴ-,μ
938 1734 991 1766 17.
1023 1733 1123 1767 Mar.
1150 1732 1288 1775 Bot.0f
1309 1733 1417 1768 West.
1445 1734 1576 1768 Austr.

49 1803 90 1836 p.
117 1793 198 1826 537!
224 1791 338 1834 Phyc.
365 1795 485 1826 austr.
513 1791 584 1825 tab.
613 1791 922 1825 CLXXXVIII!
946 1790 1059 1825 Katz.
1086 1791 1151 1834 Sp.
1179 1791 1261 1836 Aly.
1282 1801 1323 1834 p.
1348 1793 1433 1826 879!

148 1853 291 1885 Exsicc.
318 1850 437 1884 Harv.
465 1850 547 1894 Azy.
575 1850 706 1884 Austr.
733 1860 793 1883 wo
819 1851 904 1884 150!

162 1933 264 1972 Hab.
297 1934 346 1973 ad
379 1946 469 1973 oras
506 1932 635 1972 Novae
680 1933 911 1972 Hollandiae
957 1932 1232 1972 occidentales
1279 1933 1374 1975 (Hb.
1406 1933 1577 1972 Lamou-

53 2002 176 2041 roux!
208 2000 341 2039 Preiss
356 2002 362 2039 !
396 2001 557 2053 Harvey
572 2001 612 2049 l).

146 2092 265 2125 Frons
304 2092 379 2124 sere
419 2091 572 2136 pedalis,
610 2092 887 2124 ramificationis
926 2101 1057 2125 norma
1084 2095 1120 2123 et
1147 2092 1466 2136 decompositione
1494 2103 1577 2125 cum

54 2150 92 2182 P.
119 2148 284 2183 Smithia*
313 2150 548 2189 conveniens,
576 2149 790 2192 phyllorum
818 2150 936 2182 forma
962 2150 1239 2193 aliquantulum
1255 2150 1411 2190 diversa,
1434 2160 1577 2183 ramen-

55 2208 175 2252 tisque
202 2209 386 2251 praecipue
413 2208 598 2240 distincta.
628 2207 760 2250 Phylla
776 2208 933 2251 primum
958 2207 1305 2248 oboram-cuneata,
1326 2209 1460 2241 sensim
1476 2208 1577 2241 elon-

55 2270 138 2309 gata
166 2267 338 2306 evadunt,
360 2267 578 2309 longissima
604 2266 922 2305 lineari-cuneata,
949 2277 1046 2299 nunc
1072 2267 1166 2298 infra
1181 2267 1320 2310 apicem
1341 2266 1577 2298 latiora3-4

56 2325 173 2357 lineas
200 2325 284 2361 lata,
310 2324 400 2357 3-4
426 2324 580 2368 pollices
606 2324 727 2368 longa,
752 2335 850 2357 nunc
878 2326 913 2357 in
941 2325 1064 2357 medio
1090 2325 1234 2363 latiora,
1247 2326 1284 2357 in
1301 2326 1467 2357 cuneatis
1487 2335 1576 2368 prze-

56 2386 161 2428 cipue
187 2386 299 2427 apice,
324 2386 361 2416 in
389 2384 592 2416 linearibus
621 2394 726 2417 secus
752 2388 866 2417 totam
907 2384 1184 2426 longitudinem
1223 2384 1390 2416 obsolete
1429 2388 1577 2420 serrata,

55 2445 157 2486 apice
184 2444 388 2477 rotundato
414 2447 478 2476 aut
504 2445 539 2475 in
568 2445 733 2476 cuneatis
755 2454 849 2487 serpe
872 2444 1080 2476 evidentius
1107 2445 1348 2485 emarginato.
1396 2444 1578 2476 Ramenta

56 2502 185 2546 phylla
210 2503 398 2535 adultiora
425 2502 650 2544 ubicumque
691 2502 915 2544 obtegentia.
952 2505 1119 2534 constant
1161 2502 1285 2543 stipite
1314 2501 1416 2533 brevi
1444 2511 1577 2554 crasso,

56 2572 76 2594 a
101 2571 175 2604 quo
202 2561 295 2593 rami
321 2559 453 2592 breves
481 2563 516 2591 et
549 2561 767 2592 crassissimi
805 2570 1109 2603 quoquoversum
1146 2559 1348 2601 divergunt
1375 2560 1411 2591 in
1439 2560 1576 2602 peltam

56 2620 259 2651 introrsum
294 2617 567 2656 nudiusculam,
606 2621 819 2651 extrorsum
859 2618 970 2649 ramis
1009 2617 1272 2660 dccompositis
1310 2617 1576 2660 agglomeratis

57 2676 255 2711 horridam,
293 2675 448 2708 ramulis
487 2675 937 2718 cylindraceo-subulatis‚
975 2678 1010 2706 et
1043 2685 1136 2717 sa¹pe
1163 2675 1199 2706 in
1233 2675 1420 2717 apiculum
1459 2677 1575 2709 acicu—

58 2735 170 2767 larem
206 2734 500 2769 excurrentibus,
532 2734 736 2767 articulatis
770 2737 806 2766 ct
836 2732 1118 2777 polysiphoniis.
1168 2732 1346 2766 Stichidia
1374 2738 1453 2772 (sec
1485 2736 1576 2769 Son-

59 2793 143 2834 der)
169 2794 353 2837 praecipue
379 2792 424 2824 ad
451 2793 573 2834 apices
610 2793 855 2831 obvenientia,
894 2802 992 2824 nunc
1020 2792 1054 2823 in
1084 2801 1198 2823 nervo
1238 2791 1360 2824 medio
1399 2792 1576 2827 lateralia,

60 2860 204 2894 semper
230 2852 444 2894 aggregata,
470 2851 533 2883 vix
563 2850 696 2884 lineam
724 2851 845 2893 longa,
858 2849 1065 2884 lanceolata
1079 2848 1137 2881 vel
1152 2848 1467 2895 lineari-clavata3
1497 2853 1574 2892 (see
