1728 3110
169 134 183 173 ¹1
197 133 221 174 2
231 133 254 174 Ο
265 134 288 175 8
785 134 815 175 P.
823 148 1068 177 HonoMELEAE.
1519 145 1678 200 Dasya.

160 264 222 307 plo
249 264 431 298 diametro
458 264 704 308 longioribus.
755 265 934 299 Stichidia
971 268 1070 300 inter
1105 267 1268 301 ramulos
1295 271 1506 313 superiores
1535 272 1679 305 evoluta

159 324 280 367 iisque
307 325 451 367 stipata⁷
478 324 662 368 pedicello
689 325 861 366 evidenti,
889 325 977 358 1-2
1014 327 1180 359 articulis
1220 332 1412 361 constante
1441 330 1601 371 suffulta,
1621 330 1679 372 ju-

159 382 266 414 niora
292 382 643 422 conico-lancoidea‚
670 384 802 416 effoeta
828 383 1048 426 longissima
1074 385 1257 419 diametro
1286 386 1481 430 7--10-p10
1510 387 1680 430 longiora

156 439 516 481 linearidancofflea,
553 440 831 484 sphaerosporas
869 442 1001 474 saltem
1041 442 1180 486 duplici
1219 445 1313 476 serie
1351 445 1550 488 dispositas
1577 456 1679 479 mon-

159 499 325 531 strantia.
373 498 588 531 Keramidia
614 509 687 532 non
714 499 800 533 vidi.
850 499 962 533 Color
990 511 1213 544 purpureus.
1265 502 1409 535 Chartae
1434 507 1534 536 arcte
1560 504 1679 537 adhae-

159 559 227 589 ret.
277 556 402 589 Caulis
430 560 531 590 totus
565 559 785 602 corticatus3
818 559 981 591 sectione
1014 560 1253 592 transversali
1280 561 1355 593 vidi
1383 561 1557 604 siphones
1585 564 1679 606 peri-

159 616 342 649 centrales
367 616 388 649 6
414 617 526 650 dense
553 618 763 650 corticatos

251 676 406 718 Species,
433 675 551 719 qualis
578 677 781 719 sat-pissime
808 676 960 709 obvenit
985 678 1020 709 in
1049 687 1195 718 oceano,
1230 678 1335 711 nullo
1374 680 1525 721 negotio
1551 679 1679 712 distin-

159 733 320 776 guenda.
368 735 409 767 In
437 734 710 768 mediterraneo
736 735 890 768 ramulis
924 735 1161 768 densioribus
1194 737 1339 777 vestita,
1366 748 1386 769 a
1412 737 1456 770 D.
1483 737 1680 771 arbuscula

160 793 365 835 caespitosa,
390 803 473 825 cum
489 804 562 836 qua
582 793 727 826 socialis
743 804 892 837 quoquc
909 795 1051 834 crescit,
1077 795 1221 827 cautius
1248 794 1524 837 distinguenda.
1551 796 1680 838 Quoad

159 860 368 893 synonyma
393 850 689 883 animadvertere
718 851 835 883 debeo
864 850 1075 884 Cei-amium
1106 852 1308 885 ocellatum
1336 852 1569 896 Grateloupii
1587 856 1622 886 et
1637 855 1680 887 D.

159 908 486 952 simpliciusculam
526 912 562 941 et
587 910 632 942 D.
659 909 895 942 arbusculam
938 910 1264 953 comprehendere,
1303 914 1343 943 ut
1368 922 1388 943 a
1415 912 1679 955 speciminibus

158 968 280 1000 missis
314 971 423 1010 patet.
476 968 617 1001 Nomen
661 968 811 1001 ocellati
838 969 899 1000 vix
941 970 1059 1011 magis
1098 968 1191 1004 huic.
1219 980 1330 1013 quam
1358 970 1579 1013 cuicumque
1605 970 1679 1003 fere

157 1026 289 1068 Dasyae
327 1027 471 1070 speciei,
509 1027 662 1059 ramulis
702 1027 861 1060 novellis
908 1028 1096 1060 instructae
1134 1026 1477 1061 characteristicum
1516 1032 1678 1072 apparet.

157 1084 223 1117 His
251 1086 329 1117 sine
357 1086 470 1119 dubio
498 1087 704 1119 rationibus
737 1086 838 1119 aliud
872 1096 1006 1119 nomen
1034 1087 1070 1119 in
1098 1086 1202 1129 spec.
1229 1086 1312 1129 Alg.
1340 1088 1574 1130 propositum
1602 1089 1678 1129 suit,

158 1143 271 1186 quod,
297 1143 386 1175 licet·
412 1145 546 1187 aptius,
572 1155 592 1177 a
618 1145 890 1178 recentioribus
920 1148 1043 1177 tamen
1072 1155 1144 1177 non
1172 1145 1389 1188 adoptatum
1417 1146 1499 1178 fuit.

156 1246 222 1286 28.
254 1247 302 1285 D.
332 1260 570 1286 URCEOLATA
601 1249 741 1298 (Harv.
770 1251 898 1299 mser.)
940 1248 1200 1287 teretiuscula
1242 1249 1375 1288 minor
1406 1262 1506 1301 vage
1538 1250 1676 1302 pinna-

268 1316 338 1354 tim
368 1329 528 1355 ramosa
558 1320 640 1355 tota
672 1316 879 1361 corticata,
905 1315 1021 1353 caule
1043 1316 1248 1366 ramisque
1271 1316 1491 1366 inajoribus
1520 1316 1676 1354 inferne

269 1382 400 1429 nudis,
446 1395 619 1435 superne
658 1382 1209 1434 subpenicillato-ramulosa‚
1253 1382 1418 1420 ramulis
1465 1382 1677 1421 fasciculos

267 1449 425 1488 inferne
457 1450 729 1489 subdistantes
760 1448 1042 1495 formantibus,
1073 1462 1096 1486 a
1127 1452 1250 1488 strato
1283 1449 1465 1488 corticali
1496 1461 1676 1500 quoquo-

269 1529 426 1556 versum
474 1517 732 1563 exeuntibus‚
771 1530 793 1554 a
839 1516 925 1555 basi
973 1515 1310 1568 monosiplioniis‚
1355 1516 1513 1554 inferne
1558 1529 1676 1568 parce

268 1589 309 1623 et
337 1588 458 1623 acute
489 1583 749 1630 dichotomis,
781 1583 874 1622 dein
922 1583 1253 1634 simpliciuseulis
1299 1583 1499 1635 elongatis
1530 1583 1676 1621 strictis

267 1666 408 1705 parum
440 1652 656 1691 attenuatis
690 1651 858 1697 obtusis,
891 1651 1052 1689 demum
1071 1650 1361 1698 stichidiiferis,
1380 1651 1578 1690 stichidiis
1609 1664 1676 1703 pe-

268 1719 469 1759 dicellatis
513 1718 752 1765 lancoideis,
791 1717 1028 1756 keramidiis
1070 1718 1110 1756 in
1141 1731 1252 1757 ramo
1290 1717 1403 1757 brevi
1442 1718 1675 1770 penicillato

268 1787 641 1827 ovato-urceolatis.

250 1868 374 1910 Dasya
401 1867 588 1900 urceolata
614 1864 734 1898 Harv.
761 1873 867 1898 mser.
892 1865 933 1897 m
959 1864 1090 1898 Austr.
1117 1864 1199 1907 Aly.
1224 1873 1285 1898 wo
1310 1865 1393 1898 217!

267 1936 369 1976 Hab.
401 1936 442 1974 in
475 1948 629 1974 oceano
660 1935 825 1973 australi
855 1934 904 1973 ad
937 1947 1046 1973 orani
1085 1934 1214 1973 Novae
1255 1933 1484 1973 Hollandiae
1516 1933 1675 1972 meridi-

159 2003 319 2042 onalem
345 2003 463 2053 juxta
495 2004 593 2041 Port
622 2002 756 2054 Fan-y,
788 2001 999 2040 Victoriae
1032 2001 1266 2054 (Harveyl).

250 2082 383 2115 Planta
407 2083 445 2114 in
472 2080 706 2125 Cystophora
745 2069 905 2124 quadam
940 2082 1145 2124 parasitica,
1171 2093 1191 2113 a
1218 2081 1319 2114 disco
1357 2080 1509 2113 radicali
1537 2081 1675 2111 minuto

159 2139 413 2180 erectiuscula,
439 2140 590 2172 circiter
615 2138 856 2181 bipollicaris,
895 2142 1008 2171 setam
1050 2140 1195 2171 circiter
1229 2150 1359 2179 crassa,
1385 2140 1423 2171 in
1450 2148 1571 2171 ramos
1598 2138 1675 2180 pin-

159 2200 275 2231 natim
303 2198 505 2241 dispositos
532 2197 846 2240 simpliciusculos
880 2200 1194 2240 erecto-patentes
1235 2198 1434 2237 subdivisa,
1460 2200 1536 2230 tota
1567 2196 1675 2228 corti-

160 2260 249 2298 cata,
275 2256 377 2289 caule
410 2257 598 2299 ramisque
626 2255 828 2295 majoribus
856 2256 892 2287 in
920 2256 1097 2289 inferiore
1135 2259 1240 2299 parte
1276 2256 1397 2297 nudis,
1436 2266 1594 2299 superne
1620 2264 1674 2287 ra-

160 2318 305 2360 misque
331 2315 539 2348 minoribus
576 2314 653 2346 fere
691 2323 808 2356 usque
845 2313 890 2345 ad
916 2313 1042 2346 basem
1075 2314 1318 2347 fasciculatim
1345 2314 1558 2347 ramulosis.
1606 2313 1674 2346 Ra-

160 2374 252 2407 muli
277 2385 298 2406 a
323 2376 441 2406 strato
469 2372 635 2406 corticali
662 2371 977 2404 subfasciculatim
1018 2375 1208 2411 exeuntes,
1241 2372 1426 2405 fasciculis
1451 2374 1593 2404 inferne
1620 2370 1674 2403 di-

161 2433 358 2473 stantibus,
374 2442 533 2474 superne
547 2431 819 2474 adproximatis
835 2432 870 2461 et
885 2429 929 2461 ad
945 2432 1085 2472 apicem
1101 2431 1213 2463 ramis
1230 2430 1589 2471 subconssuentibus,
1615 2429 1674 2462 de-

162 2502 262 2523 mum
290 2492 327 2523 in
353 2500 475 2523 ramos
502 2489 814 2528 excrescentibus,
841 2498 1147 2531 quoquoversum
1174 2490 1346 2532 ‹lirectis3
1375 2489 1509 2521 ramuli
1539 2487 1673 2531 singuli

162 2551 248 2582 sunt
268 2548 379 2590 juxta
404 2549 516 2580 imam
546 2548 670 2580 basem
699 2558 805 2590 parce
845 2546 1060 2584 dichotomi,
1098 2547 1224 2579 axillis
1255 2548 1488 2587 acutissimis,
1514 2546 1673 2579 ramellis

162 2608 344 2650 elongatis
383 2606 467 2638 dein
495 2605 728 2648 simplicibus
766 2604 1012 2637 strictioribus
1045 2616 1175 2647 parum
1214 2606 1414 2637 attenuatis
1452 2605 1672 2637 crassiuscu-

160 2667 206 2699 lis
233 2667 395 2709 obtusis3
433 2665 606 2697 omnibus
644 2664 913 2706 adproximatis
950 2663 1194 2696 fasciculatim
1232 2663 1466 2707 penicillatis.
1515 2661 1673 2695 Articuli

162 2724 403 2757 ranielloruni
431 2723 613 2755 diametro
639 2720 812 2764 3-4-plo
844 2720 1027 2753 diametro
1063 2721 1262 2764 longiores.
1313 2720 1514 2753 Fasciculis
1540 2721 1672 2752 sensim

162 2781 399 2814 densioribus
438 2790 563 2812 ramus
599 2780 685 2812 novi
724 2779 865 2812 ordinis
890 2779 1084 2820 formatur,
1111 2780 1254 2812 inferne
1286 2778 1585 2822 polysiphonius.
1634 2777 1672 2817 In

162 2839 348 2872 fasciculis
388 2837 560 2870 stichidia
600 2836 858 2877 subcentralia,
896 2836 1079 2879 pedicello
1119 2837 1223 2870 brevi
1251 2835 1670 2879 suffulta,ra1nellisque

164 2898 405 2931 inferioribus
431 2898 576 2940 stipata,
602 2895 947 2929 lineari-lancoidea
972 2896 1057 2936 vidi,
1084 2899 1121 2929 at
1144 2897 1182 2928 in
1216 2896 1356 2928 nostris
1393 2894 1593 2927 admodum
1615 2893 1670 2935 ju·
