1728 3110
139 93 153 133 l
169 93 190 133 2
202 94 226 134 4
235 93 258 134 6
758 92 1041 136 RHoDOMELEAE.
1403 87 1649 144 Didymus.

238 220 475 260 laciniatum
507 221 690 274 margine
721 222 967 262 fimbriatum
998 226 1203 277 expansis,
1233 227 1325 266 velo
1354 227 1561 278 utriusque
1579 240 1648 279 pa-

237 288 344 340 ginae
375 288 634 340 superficiem
665 289 878 337 formante,
917 291 1031 329 venis
1062 292 1316 332 intermediis
1347 295 1502 333 alterne
1532 307 1554 332 a
1584 307 1647 332 ra-

238 355 357 394 chide
388 355 634 395 exeuntibus
660 356 968 410 polysiphoneis
994 359 1196 407 subtento‚
1216 361 1372 400 venulis
1389 362 1543 400 alterne
1560 375 1647 399 ver-

237 435 303 460 sus
334 422 503 474 paginas
535 423 780 463 exeuntibus
810 424 896 463 basi
928 425 1070 464 conice
1101 426 1239 465 inflata
1264 428 1648 480 sphaerosporfferis,

236 489 396 528 reticuli
426 489 548 528 ramis
578 491 912 543 monosiphoneis
944 493 1100 532 areolas
1132 494 1383 547 hexagonas‚
1413 508 1528 535 secus
1558 508 1647 534 ner-

234 569 307 595 vos
338 556 519 602 seriatas,
550 558 843 609 separantibus.

220 647 402 681 Thuretia
441 648 663 692 quercisolia
699 647 840 682 Decsne
875 648 897 681 I.
933 658 961 682 c,
994 652 1028 683 et
1059 649 1145 693 Vogs.
1170 650 1213 683 de
1238 650 1274 684 Za
1307 650 1427 685 Venus
1452 651 1524 685 tab.
1551 654 1569 685 2
1598 651 1652 686 A!

124 703 238 739 Koite.
264 704 329 748 Sp.
357 705 438 749 Azy.
454 715 495 747 p.
517 706 600 739 673!
622 705 742 739 Harv.
768 706 871 740 Mar.
897 707 980 741 Bot.
1012 706 1054 750 of
1082 708 1191 742 West.
1221 709 1352 743 Austr.
1378 719 1437 743 nso
1451 710 1507 743 47.
1535 709 1648 754 Pitye.

125 764 256 798 Austr.
284 763 356 797 tab.
386 762 478 797 XL!
501 763 614 798 Sond.
634 764 688 807 pl.
716 764 846 798 Muell.
867 774 907 807 p.
934 766 1015 800 696!

217 822 380 856 Claudea
414 823 614 866 singularis
646 821 767 856 Lamoe
791 832 897 856 mser.
914 822 992 867 fide
1015 824 1167 859 Decsne.

218 881 382 915 Claudea
407 881 639 925 pulcherima
664 881 777 915 Mert.
803 891 908 915 mser.

217 941 363 973 Exsicc.
390 938 509 973 Harv.
539 939 669 973 Austr.
696 939 778 983 Aly.
804 949 863 973 nto
890 940 969 974 113!

232 1009 336 1049 Hab.
368 1010 418 1048 ad
449 1023 539 1049 oras
570 1010 765 1049 australes
791 1015 830 1049 et
854 1011 1129 1051 occidentales
1147 1025 1264 1052 novae
1280 1013 1511 1053 Hollandiae
1530 1015 1645 1061 (Mal-

124 1076 228 1116 lard!
260 1076 460 1129 Harveyl)

214 1156 382 1189 Frondes
410 1157 553 1190 inferne
579 1159 715 1190 sensim
750 1158 1011 1198 caulescentes,
1049 1159 1156 1192 caule
1195 1161 1440 1194 teretiusculo
1468 1163 1531 1194 vix
1561 1173 1646 1205 pen—

123 1226 204 1247 nam
234 1218 463 1259 passeriuam
491 1228 615 1250 crasso
642 1218 817 1261 elongato
844 1218 1123 1262 pluripollicari
1150 1230 1308 1260 ramoso,
1341 1223 1442 1253 costa
1468 1221 1645 1254 foliorum

123 1284 284 1318 superne
317 1277 545 1309 continuato.
595 1277 699 1310 Folia
726 1280 813 1310 sunt
851 1278 969 1321 plana,
1007 1277 1097 1310 3ffl4
1134 1278 1337 1322 pollicaria,
1377 1280 1465 1312 1—2
1492 1280 1645 1323 pollices

121 1332 197 1365 lata
222 1336 286 1365 ant
312 1335 531 1376 angustiora
557 1335 981 1378 laciniato-pinnatifida‚
1010 1336 1152 1369 laciniis
1175 1337 1358 1380 oblongis,
1384 1340 1551 1381 margine
1567 1340 1645 1372 fim-

122 1391 412 1434 briato-laceris,
449 1394 551 1435 apice
591 1395 812 1433 rotundatis,
840 1398 941 1428 costa
968 1396 1143 1439 venisque
1170 1407 1190 1428 a
1216 1399 1317 1429 costa
1342 1396 1484 1429 alterne
1505 1408 1645 1430 exeun-

123 1450 231 1491 tibus,
259 1451 411 1495 oblique
442 1463 572 1485 versns
601 1454 804 1496 marginem
839 1454 1153 1487 adscendentibus
1187 1455 1436 1498 subparallele
1464 1457 1645 1489 nervosis.

121 1508 232 1541 Costa
259 1520 437 1554 ven-(rque
463 1511 695 1544 intermediae
720 1513 817 1545 inter
843 1515 1043 1556 utramque
1072 1513 1151 1546 solii
1178 1514 1362 1556 paginam,
1388 1513 1544 1547 reticulo
1571 1514 1644 1547 veli

122 1569 274 1611 proprio
302 1571 408 1612 quasi
434 1570 651 1614 s01·111ata1n;
691 1572 876 1614 primaria·
905 1581 1005 1603 ven-ec
1033 1571 1325 1615 polysiphoneae.
1363 1572 1566 1605 directione
1592 1572 1644 1605 la-

121 1628 228 1660 minae
255 1628 433 1661 foliorum
461 1629 645 1673 disticl1ae3
684 1630 910 1663 secundariae
936 1631 1011 1663 fere
1039 1643 1058 1663 a
1084 1630 1165 1664 basi
1193 1630 1505 1674 monosiphoneae,
1532 1633 1643 1664 verti-

120 1685 250 1719 caliter
275 1698 295 1719 a
320 1689 507 1730 primariis
535 1689 609 1720 sere
648 1689 693 1721 ad
732 1689 946 1731 geniculum
987 1690 1164 1733 qnodque
1203 1692 1381 1722 exeuntes
1416 1693 1451 1721 et
1477 1690 1564 1733 ipsae
1591 1690 1642 1722 al-

122 1747 233 1777 ternae
262 1756 390 1779 versus
428 1749 625 1791 utramque
663 1749 835 1791 paginam
874 1748 1064 1788 abeuntes,
1107 1759 1194 1781 mox
1232 1748 1439 1781 ramellosae
1477 1748 1642 1781 ramellis

118 1805 486 1837 anastomosantibus
513 1806 713 1839 reticulum
742 1808 884 1850 paginae
910 1808 1124 1839 formantes.
1159 1808 1378 1851 Supcrficies
1399 1810 1477 1841 tota
1502 1810 1641 1841 utrius-

119 1873 190 1905 que
216 1864 359 1905 paginae
386 1864 454 1897 hoc
482 1865 593 1897 modo
620 1865 703 1898 velo
730 1867 972 1898 constituitur
986 1866 1199 1906 fenestrato,
1221 1876 1403 1910 nusquam
1427 1868 1566 1910 (neque
1582 1877 1641 1900 sn-

120 1931 186 1963 pra
213 1924 352 1954 costam
380 1923 588 1967 venasque]
615 1925 840 1967 interrupto,
866 1924 1001 1956 areolis
1041 1925 1199 1967 pertusis
1226 1934 1328 1957 secus
1356 1927 1496 1958 costam
1523 1925 1640 1957 direc-

121 1980 220 2012 tione
246 1979 337 2021 solii,
364 1991 469 2013 secus
495 1992 607 2014 venas
633 1981 765 2015 harum
792 1982 997 2015 directione
1023 1982 1347 2025 longitudinaliter
1374 1984 1532 2023 seriatis,
1554 1983 1643 2016 sub-

118 2038 337 2082 hexagonis.
388 2040 489 2072 Inter
527 2044 727 2084 utramque
766 2042 938 2083 paginam
977 2041 1130 2077 (fronde
1169 2045 1375 2074 transverse
1409 2045 1527 2082 secta)
1554 2045 1641 2074 sunt

118 2097 195 2129 fere
222 2098 431 2131 areolarum
461 2099 576 2131 series
603 2102 775 2142 quatuor.
826 2099 906 2132 Fila
932 2098 1226 2142 monosiphonea
1252 2099 1542 2142 longitudinalia
1567 2099 1639 2131 veli

118 2160 203 2190 sunt
230 2157 453 2201 plerumque
479 2157 525 2189 ad
551 2156 753 2189 articulum
780 2157 957 2201 quodque
991 2158 1194 2190 secundum
1222 2161 1300 2194 (aut
1326 2157 1498 2201 pluribus
1524 2158 1638 2190 inter-

112 2215 221 2257 jectis
247 2216 284 2247 in
311 2218 415 2258 parte
442 2217 551 2247 costae
578 2214 832 2258 superposita)
871 2215 1013 2247 alterne
1053 2217 1378 2256 anastomosantia,
1411 2216 1637 2248 anastomosi

118 2273 358 2307 transversali
384 2273 428 2306 ab
456 2274 565 2306 unico
591 2273 748 2306 articulo
763 2273 935 2306 formato.
967 2273 1128 2306 Articuli
1152 2275 1334 2307 diametro
1356 2274 1502 2308 circiter
1517 2284 1638 2317 aequa-

116 2333 181 2366 les.
232 2333 386 2366 Venulae
414 2336 455 2369 (a
481 2334 584 2365 venis
612 2342 740 2365 versus
767 2334 919 2375 paginas
945 2336 1145 2372 exeuntes)
1184 2336 1268 2366 sunt
1294 2344 1376 2377 quae
1402 2334 1439 2365 in
1467 2331 1638 2365 stichidia

118 2392 282 2425 breviter
308 2392 435 2424 conica
461 2391 786 2430 transformantur,
812 2392 913 2433 apice
941 2392 1099 2425 reticulo
1128 2393 1268 2434 pagina-
1291 2393 1524 2434 continuata3
1551 2392 1637 2435 quia

119 2450 261 2482 venulae
288 2449 451 2490 alternae,
478 2449 649 2482 stichidia
676 2460 826 2493 quoque
852 2449 995 2482 alterna
1022 2451 1191 2490 evadunt,
1214 2461 1234 2483 a
1256 2451 1448 2493 superficie
1476 2451 1553 2482 visa
1572 2449 1634 2483 ad-

116 2510 285 2551 spectum
318 2507 608 2540 moniliforniem
637 2509 739 2540 venis
767 2508 980 2540 tribuentia.
1019 2510 1113 2541 Sunt
1138 2509 1259 2552 apices
1285 2508 1501 2541 laciniarum
1535 2509 1634 2541 fron-

116 2567 182 2606 dis,
214 2576 305 2609 quas
340 2564 522 2597 stichidiis
549 2568 699 2598 ornatas
739 2566 825 2598 vidi.
875 2564 1113 2609 Cystocarlua
1155 2567 1229 2598 sere
1268 2567 1513 2599 consimiliter
1538 2568 1633 2599 infra

115 2625 236 2666 apices
262 2624 483 2656 laciniarnm
511 2625 640 2666 posita,
668 2624 816 2667 singula
842 2628 906 2656 aut
934 2634 1050 2667 pauca
1075 2625 1113 2656 in
1141 2624 1267 2657 eadem
1295 2624 1437 2664 lacinia,
1470 2625 1505 2657 in
1533 2628 1631 2658 utra-

116 2693 186 2726 que
213 2682 346 2725 pagina
373 2681 620 2721 oltwenientia,
645 2681 729 2714 hinc
756 2683 934 2726 planiora,
964 2682 1066 2714 illinc
1095 2682 1248 2722 elevata,
1275 2682 1433 2715 reticulo
1460 2683 1543 2726 plus
1566 2684 1631 2715 mi-

116 2750 185 2773 nus
211 2740 326 2772 denso
353 2739 495 2771 frondis
525 2739 697 2781 cohibita,
723 2743 847 2774 rostro
875 2750 961 2773 vero
990 2740 1164 2784 elongato
1188 2751 1300 2783 supra
1320 2740 1519 2773 reticulum
1544 2743 1630 2773 emi-

116 2801 225 2831 nente
250 2799 405 2831 incurvo
433 2796 594 2839 demum,
621 2801 663 2831 ut
689 2800 869 2842 suspicor,
897 2799 1099 2842 gemmidia
1131 2799 1349 2831 emittentia.
1400 2800 1628 2832 Structuram
