1728 3110
57 134 363 189 Polysiplzom'a.
655 127 935 169 Rflononmffi.
1451 127 1503 167 10
1513 128 1537 167 0
1547 126 1571 167 9

163 258 537 311 erecto-adpressis,
567 257 747 295 articulis
780 257 976 297 diametro
1010 257 1132 310 duplo
1163 258 1416 298 brevioribus
1436 269 1573 309 super-

165 326 255 363 ficie
301 323 685 377 subpolysiphoniis,
730 323 1021 375 sphaerosporis
1053 325 1092 362 in
1124 325 1288 362 ramulis
1320 322 1570 375 corymbosis

162 392 419 442 inaequaliter
460 390 687 429 verrucosis
725 390 1062 441 prominentibus,
1106 391 1343 430 keramidiis
1374 391 1570 442 oblongo-

165 460 295 499 ovatis
325 460 565 499 brevissime
595 459 865 511 pedicellatiS.

146 540 391 572 Brousonetia
419 538 617 572 tlocculosa
645 535 750 570 Grat.
777 546 881 570 mser.
911 538 998 577 (side
1026 549 1120 581 spec.
1150 540 1298 579 missis).

146 597 364 630 Hutchinsia
390 597 589 630 ssocculosa
617 595 684 639 Ay.
711 595 809 638 Syst.
831 605 871 638 p.
900 596 974 630 152.
1001 595 1064 639 Sp.
1092 596 1173 640 Azy.
1201 595 1257 631 ΙΙ.
1278 606 1318 640 p.
1347 598 1422 631 613!

145 655 268 697 Polys.
295 655 493 688 ssocculosa
518 653 630 687 Kritz.
657 653 721 696 Sp.
750 654 831 697 ΑΖΗ.
853 663 893 696 p.
921 654 1005 687 83⁴2!

144 715 182 747 P.
208 713 491 757 Meneghiniana
515 711 740 746 DeNotaris.

160 782 262 822 Hab.
294 783 333 821 in
366 782 466 821 mari
499 783 796 821 mediterraneo
841 782 889 820 ad
937 782 1071 821 littora
1119 782 1264 822 Galliae
1311 782 1572 833 (Gratcloupl

55 851 181 903 Ipsel)
213 850 309 889 etin
341 850 537 889 adriatico
569 849 904 900 (Hildcbrand!);
935 850 973 887 in
1007 850 1199 889 atlantico
1231 849 1416 889 calidiori
1448 849 1496 887 ad
1516 849 1575 887 in-

54 918 158 956 sulas
190 917 457 955 Canarienscs
489 918 779 968 (Despreaux).

145 997 264 1029 Frons
292 995 380 1028 3-»6
408 996 609 1040 pollicaris,
636 1006 795 1039 pennam
835 997 1061 1038 passerinam
1102 1006 1195 1040 sffepe
1222 998 1389 1029 crassitie
1415 1007 1575 1040 aequans,

54 1058 233 1100 pinnatim
271 1057 705 1100 deconiposito-ramosa,
732 1058 844 1088 ramis
882 1057 1025 1089 ambitu
1062 1056 1278 1099 lancoideis,
1304 1057 1383 1090 basi
1411 1060 1445 1089 et
1473 1058 1575 1100 apice

56 1126 165 1158 supra
192 1115 356 1148 ramulos
385 1117 642 1159 proeminente
670 1126 764 1158 saepe
792 1116 1005 1147 attenuatis.
1044 1115 1149 1148 Rami
1178 1116 1373 1149 inferiores
1397 1118 1575 1159 patentes,

55 1175 262 1217 superiores
289 1175 405 1216 magis
434 1175 556 1213 erecti,
573 1173 776 1216 injuvenili
794 1173 947 1206 ramulis
963 1175 1087 1217 paucis
1103 1174 1408 1216 simpliciusculis
1435 1178 1575 1207 erecto-

54 1232 267 1276 patentibus
294 1232 416 1271 obsiti,
442 1233 478 1264 in
510 1232 638 1265 adulta
665 1233 884 1265 densissime
913 1232 1101 1273 ramulosi,
1139 1232 1294 1266 ramulis
1333 1244 1463 1277 nempe
1491 1244 1575 1266 con-

54 1291 236 1324 formibus
262 1292 444 1334 pinnatim
471 1291 736 1334 decompositis
763 1291 908 1333 virgati,
934 1290 1100 1323 ramellis
1126 1291 1458 1334 erecto-adpressis
1481 1301 1575 1334 seepe

56 1349 230 1381 incurvis.
280 1349 320 1381 In
348 1348 404 1381 his
431 1348 597 1381 ramellis
623 1348 765 1381 ambitu
804 1350 880 1381 sere
919 1349 1146 1387 lanceolatis,
1173 1354 1209 1382 at
1235 1349 1468 1393 inzequaliter
1497 1359 1576 1381 ver-

55 1408 205 1447 rucosis,
232 1406 498 1450 spliaerosporze
528 1408 762 1450 proveniunt,
802 1408 956 1450 singula*
996 1418 1098 1440 suam
1127 1409 1437 1451 proeminentiam
1466 1418 1574 1441 occu-

55 1469 193 1509 pantes.
244 1466 338 1499 Tota
365 1466 476 1505 frons,
505 1469 545 1498 ut
572 1467 608 1498 iu
636 1467 828 1509 proximis,
855 1469 910 1499 est
938 1468 1130 1510 superficie
1166 1466 1373 1507 reticulata,
1407 1467 1575 1499 articulis

58 1523 167 1556 nudis
195 1534 388 1567 nusquam,
426 1534 544 1568 neque
573 1525 608 1556 in
639 1524 780 1556 ultimis
820 1524 983 1565 ramulis,
1021 1525 1301 1568 conspiciendis,
1338 1536 1467 1557 revera
1499 1525 1575 1557 dia-

55 1585 172 1614 metro
211 1582 326 1625 duplo
366 1582 624 1625 brevioribus,
664 1584 825 1615 sectione
866 1583 1108 1615 transversali
1148 1582 1169 1614 4
1196 1582 1371 1626 siphones
1409 1583 1574 1626 primarii

57 1641 149 1672 circa
178 1640 379 1672 centralem
408 1640 666 1680 observantur,
706 1641 821 1673 denso
860 1641 1026 1674 corticali
1055 1645 1172 1674 strato
1200 1643 1297 1673 teeti.
1349 1640 1461 1674 Color
1488 1652 1575 1684 pur-

56 1708 266 1741 purascens.
317 1697 528 1731 Substantia
558 1698 708 1731 videtur
733 1699 936 1732 adnwdum
965 1710 1139 1743 ραι-110533
1168 1700 1294 1742 planta
1319 1699 1402 1732 ideo
1428 1699 1575 1732 facilius

57 1756 256 1789 collabens.

146 1816 338 1858 Specimen
364 1825 409 1847 ex
437 1815 570 1847 insulis
598 1814 774 1854 Canariis,
800 1815 899 1858 quod
941 1815 1049 1859 hujus
1088 1817 1223 1860 speciei
1261 1827 1339 1850 esse
1367 1818 1575 1860 suspicatus

60 1884 148 1912 sum,
173 1873 348 1916 adspectu
376 1884 449 1906 non
476 1873 568 1906 bene
596 1875 778 1913 convenit,
805 1874 901 1917 quod
945 1879 1064 1907 tamen
1104 1876 1217 1909 niodo
1256 1876 1485 1920 praeparandi
1512 1875 1575 1908 ad-

62 1930 301 1964 tribue-ndum
327 1932 464 1974 putavi.

146 1990 292 2031 Species
318 2000 337 2021 a
372 1999 428 2021 me
467 1989 633 2023 nondum
674 1991 763 2022 satis
802 1990 1001 2029 intellecta,
1040 1991 1117 2024 Pol.
1157 1993 1411 2027 subcontinuae
1450 1995 1574 2027 forsan

56 2047 207 2079 nimium
236 2048 456 2091 propinqua
508 2049 555 2080 Ut
581 2048 683 2080 illam
712 2058 906 2091 cognosco,
933 2049 1055 2082 diss'ert
1093 2051 1247 2084 ramulis
1276 2052 1426 2085 demum
1453 2053 1575 2085 densi-

57 2105 193 2145 oribus,
210 2106 245 2138 in
273 2106 472 2147 corymbos
499 2106 632 2139 densos
659 2116 763 2139 secus
790 2117 913 2140 ramos
940 2107 1108 2140 collectis
1138 2109 1232 2145 (fere
1261 2111 1298 2143 in
1326 2111 1479 2143 modum
1494 2111 1574 2143 Pol.

55 2164 245 2205 Brodiad),
272 2164 723 2208 erecto-comiiventibus·⁷
749 2166 786 2197 in
813 2165 888 2198 Pol.
917 2166 1166 2199 subcontinua
1191 2168 1304 2200 iidem
1332 2169 1466 2201 ramuli
1489 2172 1574 2202 sunt

57 2223 172 2265 magis
199 2226 376 2266 patentes,
414 2224 537 2255 minus
575 2223 690 2262 densi,
727 2226 839 2267 atque
875 2227 913 2256 ut
940 2226 1019 2257 tota
1058 2225 1181 2268 planta
1208 2226 1418 2269 rigidiores.
1468 2226 1505 2259 In
1535 2228 1573 2259 P.

56 2281 251 2314 ssocculosa
277 2281 425 2314 articuli
452 2282 663 2324 superiores
689 2281 825 2314 habent
852 2282 1006 2315 cellulas
1033 2283 1226 2316 corticales
1243 2284 1422 2326 plurimas
1437 2286 1573 2317 articu-

59 2339 176 2372 lorum
215 2340 461 2383 longitudine,
500 2341 550 2371 ita
586 2343 673 2372 uta
699 2342 892 2383 superficie
933 2341 1185 2384 polysiphonii
1226 2341 1429 2386 adlmrent·7
1467 2344 1504 2375 in
1532 2344 1569 2375 P.

59 2398 304 2431 subcontinua
331 2399 553 2441 superficies,
580 2397 725 2430 cellulis
751 2399 993 2431 articulorum
1016 2399 1251 2442 longitudine
1278 2403 1313 2431 et
1339 2400 1574 2433 brevioribus

57 2455 291 2495 intermixtis,
318 2457 435 2498 magis
473 2455 636 2488 areolam
672 2455 759 2488 mihi
800 2458 874 2489 visa
903 2461 967 2489 est.
1018 2456 1200 2489 Caeterum
1229 2459 1267 2490 Ρ.
1294 2458 1494 2491 ssoeculosa
1520 2460 1573 2491 vi-

59 2511 166 2546 detur
191 2514 269 2547 Pol.
296 2513 608 2547 breviarticulatae
638 2515 864 2558 propinqua·7
892 2526 971 2557 quw
1001 2525 1096 2554 vcro,
1123 2516 1195 2547 ima
1222 2518 1366 2548 tantum
1394 2516 1472 2549 basi
1492 2528 1571 2550 cor-

59 2572 176 2612 ticata,
203 2572 307 2605 nullo
334 2573 484 2614 negotio
511 2571 767 2614 distinguitur.

148 2630 280 2662 Utrum
307 2630 383 2664 Pol.
409 2629 691 2672 Meneghiniana
716 2629 859 2664 DeNot.
887 2632 928 2664 ad
959 2632 1034 2664 Pol.
1062 2632 1299 2664 flocculosam
1327 2636 1393 2665 aut
1421 2633 1457 2665 P.
1486 2633 1571 2666 sub-

60 2689 268 2721 continuam
298 2688 429 2720 melius
458 2688 648 2728 reseratur,
674 2700 717 2721 ex
746 2691 943 2733 specimine
974 2691 1049 2722 viso
1076 2689 1245 2722 decidere
1263 2701 1336 2723 11011
1351 2701 1462 2724 ausus
1479 2702 1571 2724 sum.

61 2809 123 2849 80.
154 2810 195 2849 Ρ.
231 2824 507 2850 SUBCONTINUA
524 2811 616 2861 (Ay.
635 2813 697 2862 Sp.
715 2814 802 2863 Azy.
821 2815 876 2852 II.
886 2828 927 2863 1).
946 2813 1017 2859 62)
1037 2828 1343 2867 purpurascenS,
1373 2816 1571 2869 pinnatim

170 2878 626 2930 decomposito-ramosa
658 2882 903 2932 ramulisque
934 2882 1057 2920 dense
1089 2881 1256 2934 virgata,
1288 2895 1414 2933 usquc
1444 2884 1483 2923 in
1509 2898 1570 2924 ra-
