1728 3110
69 102 345 155 Dictymema.
686 93 966 136 Rn'onmmmt.
1460 90 1474 130 1
1487 90 1511 127 ss
1523 90 1546 128 8
1556 90 1578 131 5

66 227 189 269 longi3
216 228 386 258 constant
414 225 570 258 ramulis
599 223 853 257 teretiusculis
881 224 1394 265 subdicliotom‹ei-fastigiatis,
1427 232 1583 265 quorum
1627 219 1633 224 ’

68 283 222 326 majores
249 285 384 316 sensim
413 285 447 316 in
477 283 648 316 sticliidia
688 282 925 314 teretiuscula
953 283 1095 315 ambitu
1122 284 1197 314 fere
1224 280 1426 319 Jancoidea‚
1452 279 1585 312 ramel-

68 342 113 374 lis
140 341 335 374 sterilibus
367 341 653 384 persistentibus
681 341 838 382 spinosa,
865 340 900 371 in
928 342 1065 372 nostris
1095 351 1223 383 parum
1251 339 1584 376 ve1·rucosa‚initio

66 399 194 432 saltem
224 399 375 437 sessilia,
403 399 546 441 singula
574 400 668 431 serie
696 397 961 440 longitudinali
984 398 1262 441 spliaerosporas
1277 398 1451 436 foventia,
1466 401 1586 429 trans-

66 459 266 490 mutantur.
296 476 335 479 -—
363 458 482 490 Frons
511 459 588 490 tota
615 459 669 488 est
687 456 882 498 conspicue
898 455 1061 487 areolata
1087 456 1222 488 areolis
1251 455 1505 495 subrotundis,
1527 466 1586 486 ve-

67 515 196 557 nisque
224 514 530 556 interjacentibus
557 524 725 547 nervosa.
759 513 973 546 Substantia
1003 513 1292 551 membranacea,
1314 513 1449 546 chartae
1466 514 1586 545 minus

64 572 240 605 adhzrret.
291 573 403 606 Color
430 574 465 605 in
493 574 631 606 nostris
658 583 702 604 ex
730 572 842 604 badio
871 581 1157 614 purpurascens.

155 642 344 674 Positione
373 643 561 675 fructuum
588 641 663 674 hece
702 642 841 684 species
874 652 892 673 a
932 641 1204 683 congeneribus
1243 640 1390 673 differre.
1429 641 1587 679 videtur,

67 700 161 733 unde
190 699 360 732 dubitare
386 700 472 732 licet
509 710 603 733 anne
630 700 673 733 D.
703 700 843 732 tridens
882 699 991 732 Sond.
1030 699 1073 731 ad
1109 698 1200 731 hanc
1243 702 1338 731 esset
1365 698 1586 731 revocanda.

64 758 101 790 In
128 769 213 790 vera
240 761 362 791 autem
390 759 430 791 D.
459 759 611 791 tridenti
639 758 833 791 tubercula
861 758 1119 796 minutissima,
1144 768 1249 790 secus
1279 757 1434 789 venulas
1451 767 1590 799 sparsa,

65 816 148 856 vidi,
175 817 345 860 aquibus
372 817 567 850 fasciculos
594 817 806 850 fructiferos
834 817 1032 860 provenire
1059 817 1239 858 suspicari
1269 815 1407 853 liceret,
1435 815 1506 846 nisi
1522 825 1586 846 no-

65 879 139 908 stra
165 877 365 919 specimina
391 877 580 908 fructifera
609 877 644 908 111
672 875 845 908 dentibus
873 874 1143 917 marginalibus
1170 874 1367 917 plurimos,
1384 873 1507 905 nullos
1523 883 1586 905 au-

65 941 135 966 tem
161 934 206 966 ab
234 933 289 966 his
317 934 523 967 tuberculis
550 935 811 977 provenientes
851 934 993 966 fruetus
1031 934 1218 971 offerrent,
1247 932 1333 964 dun]
1362 933 1399 964 in
1426 932 1468 965 D.
1495 932 1586 964 Son-

64 992 141 1024 deri
168 981 394 1025 contrarium
425 993 601 1026 obtineat.
630 992 688 1026 An
716 992 833 1025 ambae
861 992 1000 1035 species
1028 994 1189 1035 utroque
1210 984 1328 1023 41110110
1354 990 1498 1022 fructus
1525 1000 1586 1032 ge-

70 1051 265 1082 nerarent?
303 1062 396 1083 anne
425 1052 549 1094 potius
588 1051 732 1083 fructus
759 1049 983 1092 marginales
1009 1050 1046 1081 in
1073 1050 1115 1083 D.
1144 1049 1308 1089 tridenti,
1335 1048 1586 1091 superficiales

66 1118 150 1141 vero
176 1109 211 1140 in
239 1109 282 1141 D.
309 1109 465 1142 Sonderi
491 1109 640 1141 adsint‘?
690 1108 797 1151 Quod
831 1109 859 1140 si
899 1118 1039 1147 verum,
1066 1110 1288 1151 sequeretur
1315 1108 1358 1140 D.
1387 1106 1586 1139 tridentem

64 1166 174 1199 Sond.
202 1177 280 1199 esse
308 1167 351 1199 ad
379 1168 422 1200 D.
452 1168 609 1201 Sonderi
648 1167 891 1202 referendam.
919 1172 958 1199 ut
985 1167 1108 1199 forsan
1137 1167 1285 1199 nomine
1319 1165 1393 1207 jam
1421 1165 1585 1198 indicare

64 1225 222 1257 voluerit
248 1225 406 1269 Harvey.

597 1398 760 1451 Species
790 1399 1056 1452 inquii-emm.

62 1514 110 1551 D.
142 1526 347 1552 EcosTATA
377 1515 428 1562 (eL
459 1513 535 1562 Ass.
570 1515 611 1551 iia
640 1514 765 1553 Limv.
798 1513 900 1552 1841
925 1528 966 1562 p.
1007 1514 1103 1563 448)
1147 1514 1291 1554 fronde
1334 1513 1585 1553 membrana-

171 1593 243 1618 cea
274 1581 393 1633 plana
423 1581 568 1619 avenia
598 1581 876 1633 irregulariter
905 1582 1098 1627 areolata,
1134 1582 1261 1620 ineisa
1292 1594 1392 1633 vage
1411 1579 1586 1633 pinnati-

172 1648 307 1686 lobata
338 1652 372 1685 et
407 1662 426 1684 a
459 1648 571 1686 disco
603 1647 808 1699 prolifera,
842 1647 994 1687 foliolis
1034 1649 1237 1701 oblongis,
1268 1648 1466 1686 stiehidiis
1499 1647 1585 1685 lan-

171 1715 340 1754 eeolatis
370 1715 411 1753 in
443 1715 675 1767 caespitulos
706 1727 778 1767 per
809 1719 933 1753 totam
966 1715 1151 1754 frondem
1199 1715 1378 1766 undique
1424 1727 1584 1767 sparsos

170 1781 366 1820 collectis.

172 1873 273 1912 Hah.
306 1873 346 1911 in
378 1873 479 1912 mari
512 1873 665 1913 Indico.
701 1874 795 1919 (Hb.
827 1873 1047 1927 Diesing.).

152 1966 270 1998 Frons
297 1964 634 2008 quadripollicaris,
661 1966 736 1997 fere
765 1975 929 2008 unguem
969 1965 1052 2005 lata,
1079 1965 1587 2003 chartaceo-nieinbranaeea,

63 2023 407 2065 circumscriptione
446 2022 803 2056 lineari-lanceolata
845 2023 903 2056 vel
941 2023 1113 2067 oblonga,
1152 2034 1241 2066 vage
1275 2024 1391 2056 ineisa
1420 2034 1484 2056 seu
1512 2024 1587 2055 fere

65 2081 344 2125 pinnatilobata,
371 2083 473 2124 apice
500 2082 745 2125 apicibusque
771 2082 989 2115 laciniarum
1032 2082 1413 2122 rotundato-obtusis,
1438 2093 1458 2114 a
1484 2082 1586 2114 disco

65 2140 398 2182 prolific-(itionibus
442 2141 535 2172 raris
586 2140 924 2179 subconforinibus,
963 2141 1176 2183 junioribus
1219 2140 1587 2182 obovato-oblongis,

63 2199 191 2231 avenia
222 2198 576 2242 (prolilicationibus
610 2204 732 2231 tamen
769 2204 871 2232 costa
899 2200 1065 2232 obsoleta
1095 2200 1299 2243 percursis)
1327 2198 1586 2241 irregulariter

63 2256 234 2295 111-60111111,
261 2256 405 2288 cellulis
432 2257 538 2288 strati
566 2257 755 2290 interioris
783 2259 996 2301 permagnis
1023 2269 1088 2301 per
1115 2260 1274 2290 stratum
1299 2257 1500 2288 exteriusa
1515 2255 1587 2288 eel-

62 2315 149 2347 lulis
176 2316 330 2347 minutis
357 2315 603 2347 constitutum
631 2315 962 2348 translucentibus.
1013 2315 1192 2349 8116111ιίἱῆ
1219 2317 1254 2347 111
1284 2314 1495 2358 caspitulos
1523 2324 1587 2356 per

64 2376 177 2406 totam
205 2373 374 2406 frondem
404 2373 542 2416 ubique
571 2383 718 2416 sparsos
745 2377 778 2405 et
814 2384 931 2418 usque
970 2376 1111 2417 viginta
1149 2375 1382 2406 continentes
1420 2372 1585 2412 collecta,

62 2431 445 2465 lanceolam-linearia
472 2431 663 2475 simplicia,
681 2432 820 2475 duplici
837 2434 931 2465 serie
948 2433 1225 2476 sphaerosporas
1240 2432 1413 2464 foventia.
1440 2430 1584 2463 Charta]

63 2500 134 2523 non
161 2489 335 2522 adhaeret.
385 2489 497 2523 Color
522 2491 597 2522 fere
624 2492 713 2524 Fuci
738 2491 972 2524 fraxinifolii.

156 2560 251 2602 Quid
281 2561 327 2592 sit
354 2569 484 2591 revera
509 2558 585 2592 heec
612 2560 748 2603 planta,
777 2561 865 2594 olim
892 2562 927 2593 in
957 2561 1025 2594 Hb.
1052 2560 1234 2602 Diesingii
1261 2569 1281 2591 a
1308 2570 1363 2591 me
1401 2560 1489 2598 visa,
1523 2570 1585 2591 cu-

57 2617 117 2659 jus
143 2617 254 2651 hodie
283 2619 427 2650 tantum
454 2618 599 2650 iconem
627 2621 663 2649 et
688 2619 978 2661 descriptionem
1017 2619 1151 2650 factam
1188 2617 1233 2649 ad
1275 2627 1407 2649 manus
1448 2616 1585 2649 habere

63 2677 181 2715 doleo,
207 2677 388 2719 conjicere
427 2686 499 2709 non
538 2676 692 2709 valeam.
745 2678 902 2710 Videtur
940 2679 993 2709 sui
1029 2677 1126 2717 juris
1167 2677 1316 2719 species,
1354 2676 1398 2708 ad
1445 2675 1584 2708 nullam

62 2736 154 2768 bene
183 2735 386 2767 referenda.
436 2735 721 2768 leannerettiam
756 2736 980 2775 habuissem,
1018 2736 1087 2768 nisi
1129 2737 1357 2766 structuram
1395 2733 1505 2766 aliam
1533 2735 1584 2767 vi-

63 2793 217 2836 dissem·7
245 2803 310 2825 nec
337 2793 617 2825 Lenorinandiae
644 2795 803 2837 speciem
845 2794 1044 2826 crederem
1095 2793 1123 2825 E
1152 2793 1243 2824 mari
1270 2792 1393 2825 indico
1433 2792 1584 2826 allatam

62 2851 174 2884 fuisse
202 2851 351 2884 dicit-ur.
473 2838 477 2843 ⁴
