1728 3110
65 121 387 179 Asparaqopsr's.
712 122 940 166 CuonnnmAE.
1478 126 1503 166 7
1511 124 1568 166 75

64 260 180 295 Frons
224 254 421 305 fififormis,
464 266 627 304 superne
666 254 1074 307 penicillum-ramosa,
1106 258 1268 295 ramellis
1308 257 1570 307 penicillorum

172 323 418 371 complanatis
461 322 623 373 pinnatis
669 323 876 372 cellulosis‚
928 324 1074 362 inferne
1121 327 1356 377 caulescens‚
1401 326 1571 364 tubulosa

172 392 293 430 stratis
323 391 439 428 tribus
470 394 660 439 contexta3
692 390 752 427 filo
784 391 936 427 centrali
969 395 1126 438 angusto
1157 394 1352 430 articulato
1371 396 1407 430 et
1424 404 1572 430 rumoso

170 459 302 495 tubum
334 458 554 496 interiorem
586 458 750 506 amplum
784 462 1042 507 percurrente,
1074 460 1184 497 ramis
1216 461 1446 498 tenuissimis
1478 462 1574 498 inter

171 527 324 563 cellulas
362 524 463 562 strati
503 525 716 562 intermedii
755 525 937 572 oblongas
976 526 1011 562 in
1052 527 1176 575 plures
1216 528 1332 565 series
1375 527 1573 575 dispositas

171 593 474 642 excurrentibus3
514 593 657 630 cellulis
695 593 934 630 corticalibus
966 594 1118 630 minutis
1150 596 1571 643 rotundato-angulatis.

170 661 400 699 Iseramidia
431 673 449 697 a
482 662 624 697 ramulo
656 661 917 697 transformata
949 661 1184 711 pedieellata,
1213 663 1305 699 intra
1325 662 1575 710 pericarpium

173 731 334 776 ovatum,
379 727 634 775 carpostomio
680 730 888 777 pertusum,
935 728 1135 775 gemmidia
1169 728 1507 778 oboram-clavata,
1539 730 1574 766 in

171 796 242 833 filis
279 794 731 844 decomposito-ramosis
761 807 778 831 a
811 796 980 843 placenta
1016 796 1130 833 basuli
1169 795 1449 843 egredientibus
1494 799 1575 832 ter-

174 863 340 912 minalia,
373 863 543 901 foventia.
605 863 906 911 Sphoerosporoe.
940 895 946 901 .
979 894 986 901 .
1017 893 1023 901 .

174 930 340 967 Frondes
371 943 388 967 a
420 931 571 968 surculo
612 935 798 979 prostrato
840 931 1111 980 erectiusculfe⁷
1150 932 1297 969 inferne
1329 932 1576 970 teretiusculae

65 999 275 1049 denudutae,
314 1009 478 1048 superne
517 999 626 1036 ramis
665 1011 973 1047 quoquoversum
1014 999 1295 1046 egredientibus
1337 999 1578 1048 penicillatim

64 1066 264 1103 ramulosis
301 1066 482 1113 pinnatim
524 1066 663 1104 obsitae.
741 1066 828 1103 'taini
870 1078 954 1103 cum
1000 1068 1104 1103 caule
1136 1067 1366 1114 conformes,
1397 1066 1473 1103 basi
1505 1066 1578 1102 (le-

64 1133 206 1183 nudati,
244 1145 407 1182 superne
446 1135 599 1171 ramulis
630 1135 813 1182 pinnatim
845 1134 1130 1183 decompositis‚
1161 1134 1344 1182 oppositis
1374 1137 1436 1170 aut
1467 1134 1579 1183 vagis,

66 1200 186 1241 obsiti.
245 1201 397 1238 Ramelli
432 1200 653 1251 tenuissimi7
684 1201 900 1249 penicillum
933 1202 967 1238 in
1000 1201 1106 1249 apice
1138 1212 1327 1238 ramorum
1362 1201 1579 1250 formantes,

61 1270 249 1318 jilveniles
286 1269 446 1319 distichi,
485 1269 636 1306 demum
676 1269 712 1306 ni
754 1269 861 1305 fallor
899 1279 1208 1316 quoquoversum
1249 1267 1500 1318 egredientes,
1541 1270 1580 1304 ut

65 1337 212 1373 videtur
242 1337 481 1385 complantati,
512 1336 588 1373 basi
622 1336 803 1385 pluribus,
821 1347 985 1384 superne
1010 1336 1153 1373 duabus
1171 1336 1342 1373 seriebus
1360 1336 1578 1373 cellularum

65 1404 234 1453 areolam,
266 1405 408 1441 cellulis
438 1404 605 1442 alternis.
636 1403 844 1441 Keramidia
876 1403 911 1440 in
945 1404 1097 1440 ramulis
1130 1402 1370 1441 inferioribus
1390 1413 1579 1440 ramorum

66 1472 339 1509 transformatis
376 1472 602 1520 terminalia3
638 1471 818 1518 juvenilia
865 1472 1028 1509 ramellis
1060 1471 1291 1509 ramulorum
1323 1471 1579 1508 erectiusculis

67 1540 199 1589 cincta,
236 1539 359 1577 adulta
399 1540 561 1577 ramellis
600 1539 760 1588 delapsis
803 1538 839 1575 in
871 1539 1059 1588 pedicello
1092 1540 1268 1587 elongato
1300 1538 1412 1589 nuda,
1442 1543 1580 1576 rotun-

67 1606 298 1644 dato-ovata.

174 1674 336 1712 Inferior
380 1674 501 1711 saltim
547 1675 650 1712 frons
696 1673 892 1711 evidenter
936 1673 1120 1723 tubulosa,
1166 1674 1228 1710 filo
1267 1671 1418 1710 centrali
1452 1672 1580 1709 tubum

67 1743 230 1791 amplum
274 1745 534 1791 percurrente.
606 1743 721 1779 Filum
765 1743 930 1778 centrale
971 1741 1064 1778 intra
1104 1740 1360 1778 membranam
1400 1740 1582 1787 hyalinam

68 1811 322 1848 endocbroma
362 1811 571 1847 coloratum
612 1810 753 1859 fovens,
790 1809 1040 1859 articulatum,
1080 1809 1122 1845 ad
1164 1808 1332 1855 genicula
1365 1808 1487 1844 inflata
1519 1819 1582 1844 ra-

66 1889 229 1927 mosum,
274 1877 386 1914 ramis
429 1888 526 1926 saepe
573 1877 768 1927 oppositis,
814 1875 1061 1926 tenuioribus,
1094 1881 1268 1913 caeterum
1308 1876 1581 1922 conformibus,

66 1947 165 1983 inter
196 1944 348 1983 cellulas
379 1945 481 1981 strati
513 1945 727 1981 intermedii
766 1944 1022 1993 pluriseriatas
1061 1943 1243 1992 oblongas
1282 1942 1482 1991 inaequales
1514 1954 1580 1979 ex-

68 2012 305 2050 currentibus
343 2015 379 2049 et
419 2012 571 2049 demum
615 2012 709 2049 infra
748 2012 987 2060 superficiem
1032 2013 1183 2048 cellulas
1215 2012 1411 2048 corticales
1442 2022 1582 2047 mono-

68 2081 300 2119 stromaticas
343 2078 778 2119 circum-ambientibus.
852 2082 890 2116 ln
933 2079 1090 2126 juvenili
1136 2080 1256 2128 planta
1297 2079 1437 2115 cellulae
1482 2077 1582 2114 strati

68 2147 284 2186 intermedii
315 2147 431 2195 magis
464 2148 629 2194 elongati
662 2152 698 2185 et
730 2148 937 2196 tenuiores,
969 2147 1049 2184 fere
1082 2147 1289 2184 liliformes.

178 2217 347 2254 Placenta
381 2226 398 2251 a
431 2214 508 2251 basi
542 2218 679 2263 erecta⁷
709 2215 877 2252 medium
905 2214 1098 2251 keramidii
1132 2226 1209 2251 non
1241 2213 1438 2262 attingens7
1470 2225 1486 2249 a
1520 2213 1581 2248 tilo

70 2283 223 2321 centrali
262 2283 408 2321 frondis
446 2283 616 2333 formata,
654 2284 711 2320 tila
742 2284 1139 2321 dicliotomo-ramosa
1171 2281 1385 2318 subalterne
1417 2283 1452 2317 et
1483 2291 1582 2328 quo-

69 2363 296 2400 quoversum
329 2351 521 2400 emittens;
553 2351 608 2387 fila
641 2351 780 2401 infima,
810 2363 876 2388 seu
909 2362 990 2398 quae
1021 2350 1064 2386 ad
1098 2349 1200 2386 basin
1233 2347 1427 2384 keramidii
1457 2358 1475 2383 a
1500 2348 1582 2394 pla—

70 2423 176 2457 centa
219 2419 478 2466 egrediuntur,
521 2422 606 2455 sunt
644 2419 722 2456 basi
764 2419 939 2467 patentia,
983 2418 1147 2454 articulis
1192 2415 1375 2452 diametro
1416 2413 1583 2461 2ffl3p10

53 2487 303 2536 vlongioribus
344 2490 380 2523 et
417 2487 644 2524 firmioribus
676 2487 896 2535 constantia,
927 2486 1015 2522 dein
1047 2485 1243 2532 eriguntur
1272 2482 1435 2520 articulis
1465 2481 1583 2517 multo

69 2554 303 2601 longioribus
334 2558 371 2590 et
400 2554 677 2601 angustioribus
709 2554 929 2602 constituta3
962 2553 1053 2590 rami
1086 2552 1293 2588 exteriores
1324 2551 1454 2586 borum
1477 2548 1582 2597 apice

71 2620 158 2658 dein
203 2622 240 2658 in
286 2621 437 2658 cellulas
481 2620 675 2671 oblongas,
719 2633 788 2670 per
831 2620 1060 2670 appendices
1100 2617 1293 2655 tenuiores
1331 2627 1416 2652 cum
1455 2614 1584 2652 vicinis

72 2689 316 2738 coliaerentes,
348 2689 536 2725 inflantur.
596 2690 742 2726 Cellulae
774 2690 849 2725 istae
881 2688 976 2725 intra
1005 2689 1158 2723 stratum
1189 2685 1353 2721 exterius
1383 2683 1583 2731 pericarpii

71 2756 462 2805 monostromaticum‚
500 2767 567 2804 per
603 2756 720 2793 series
758 2755 863 2793 2-—3
904 2755 1166 2802 disponuntur.
1236 2751 1339 2788 Rami
1382 2750 1584 2787 interiores

72 2822 243 2872 filorum,
287 2834 304 2859 a
351 2822 428 2859 basi
466 2823 646 2871 placentae
684 2822 980 2869 egredientium,
1023 2820 1172 2855 filorum
1214 2818 1258 2855 ad
1303 2818 1417 2855 instar
1459 2816 1583 2854 conti-

73 2893 246 2940 nuantur,
286 2890 462 2927 nucleum
502 2890 621 2939 ipsum
664 2890 844 2939 ambiunt,
886 2899 996 2937 supra
1039 2888 1135 2924 hune
1177 2884 1383 2924 introrsum
1414 2883 1584 2935 tendunt,
