1728 3110
134 121 156 162 7
166 121 191 164 9
201 122 224 163 8
756 119 1042 163 Rnonommffi.
1355 124 1664 179 Chondriopsis.

130 253 410 306 dasyphyllam
456 255 497 291 et
540 251 683 291 affines
729 252 1015 300 adnumerans,
1062 252 1346 305 Carpocaulon
1391 253 1664 300 conservavit,

133 326 254 372 atque
299 320 372 358 Ch.
418 319 700 358 tenuissimam
746 320 854 358 inter
892 319 1064 366 Alsidia,
1097 332 1189 370 quae
1221 319 1381 359 diversa
1412 332 1575 371 quoque
1604 320 1663 359 fa-

133 387 246 426 milia
290 399 313 424 a
351 385 424 424 Ch.
457 386 698 439 dasyphylla
728 390 980 439 separantur,
1012 387 1279 426 enumeravit.
1340 386 1560 427 Chondriae
1591 401 1662 427 no-

129 466 235 499 men,
280 453 450 491 nimium
496 453 557 491 his
598 453 787 493 omnibus
817 453 1110 493 mutationibus
1142 454 1392 506 ambiguum,
1425 455 1559 494 forsan
1592 469 1663 508 op·
1699 457 1706 464 ‘

128 521 226 560 time
272 520 439 560 omnino
485 520 720 560 evitandum
764 520 930 570 fuisset;
961 533 1083 571 quum
1117 533 1212 560 vero
1244 533 1266 559 a
1297 520 1485 573 Harveyo
1516 522 1664 561 iterum

127 600 235 628 novo
281 599 400 626 sensu
432 586 555 626 fuerit
584 587 853 639 propositum,
884 587 1092 639 paulisper
1122 591 1318 626 mutatum
1351 588 1429 628 hoc
1460 589 1552 628 loco
1594 589 1662 627 ad-

129 654 280 707 optavi.

241 720 451 760 Structura
484 720 639 760 frondis
671 720 967 772 Cliondriopsis
998 725 1041 758 et
1070 734 1093 758 a
1124 721 1349 760 Laurencia
1380 726 1420 761 et
1450 723 1662 761 aLomen-

126 788 240 827 tariis
270 788 445 837 recedit;
485 787 763 826 diversitatem
796 799 991 838 generum
1024 791 1064 825 et
1093 788 1273 827 rationes
1304 800 1375 827 cur
1407 788 1663 840 Chondriop-

127 855 257 894 sidem
303 855 353 893 ad
401 853 705 893 Rhodomeleas
748 854 1073 893 transferendum
1105 855 1266 906 putavi,
1291 857 1377 906 jam
1415 868 1535 907 supra
1565 867 1658 907 pag.

127 921 206 959 742
250 920 443 959 indicavi.
502 921 613 959 Inter
657 920 959 959 Rhodomeleas
999 920 1262 972 dignoscatur
1292 934 1419 973 genus
1450 921 1591 961 habitu
1622 924 1661 960 et

129 988 376 1027 evolationis
407 1000 563 1035 norma,
602 987 747 1026 fronde
779 991 950 1025 externe
981 988 1253 1034 inarticulata,
1285 988 1660 1040 sphaerosporarum

128 1054 306 1105 denique
352 1054 391 1092 in
436 1053 604 1092 ramulis
649 1054 718 1091 vix
765 1054 1042 1092 transmutatis
1087 1054 1186 1103 situ3
1224 1067 1247 1092 a
1278 1054 1463 1106 plurimis
1495 1054 1661 1106 insuper

127 1122 287 1160 cellulis
332 1121 672 1173 pericentralibus
718 1121 901 1172 pluribus
934 1121 1116 1170 ejusdem
1148 1121 1309 1160 articuli
1340 1121 1660 1174 praegnantibus,

127 1200 206 1239 quo
254 1188 299 1226 fit
344 1192 387 1226 ut
431 1188 729 1240 sphaerosporae
761 1188 1025 1226 circumcirca
1056 1189 1232 1227 evolutae
1263 1201 1335 1240 per
1365 1188 1492 1227 series
1522 1188 1659 1240 plures

128 1254 448 1306 longitudinales
493 1255 763 1307 disponantur
801 1255 855 1301 (si
888 1255 1054 1305 quidem
1087 1255 1136 1294 de
1169 1256 1351 1294 seriebus
1383 1255 1658 1307 longitudina-

127 1322 233 1360 libus
265 1321 343 1360 hoc
374 1322 465 1361 loeo
497 1322 610 1373 loqui
642 1322 799 1367 liceat).

238 1388 275 1426 A
319 1401 485 1441 genere,
531 1389 650 1440 quale
688 1389 787 1428 illud
821 1389 942 1428 hodie
974 1389 1175 1440 intelligo,
1207 1389 1364 1441 species
1395 1388 1603 1439 quasdam,
1638 1402 1660 1427 a

125 1454 287 1506 Harvey
332 1456 373 1493 in
419 1455 572 1493 ultimis
604 1456 796 1507 operibus
850 1456 1121 1502 introductas,
1175 1455 1444 1495 removendas
1496 1467 1657 1495 censeo.

127 1521 336 1560 Chondria
380 1522 640 1574 opuntioides
686 1522 891 1569 nimirum,
937 1523 1105 1573 ejusque
1157 1522 1313 1567 affines,
1378 1525 1418 1560 et
1461 1525 1660 1560 structura

125 1588 286 1627 diversa
318 1593 358 1626 et
388 1589 682 1641 sphaerosporis
712 1590 876 1641 sparsis,
909 1590 947 1627 in
967 1589 1126 1627 cellulis
1152 1588 1523 1628 infracorticalibus
1541 1589 1657 1627 nidu-

126 1653 316 1699 lantibus‚
346 1655 395 1693 ad
435 1667 562 1707 genus
593 1655 864 1694 Lomentariae
897 1659 1039 1703 (supra
1060 1669 1102 1703 2).
1135 1654 1246 1702 724),
1280 1667 1350 1693 seu
1381 1655 1502 1705 quale
1531 1659 1657 1694 muta-

124 1721 175 1759 tis
222 1721 420 1761 limitibus
464 1723 587 1762 hodie
633 1723 963 1762 Gastroclonium
997 1724 1290 1763 nominandum
1322 1726 1520 1775 putarem,
1552 1723 1656 1761 refe-

124 1788 262 1827 rendae
309 1788 510 1827 videntur.
572 1788 780 1829 Chondria
826 1790 1104 1842 corynephora
1152 1790 1288 1836 Harv.,
1335 1802 1425 1840 quae
1454 1789 1656 1828 ramifica·

125 1854 248 1894 lionis
279 1868 422 1894 norma
453 1860 493 1894 et
522 1856 770 1895 ramulorum
801 1857 995 1908 adspectu
1027 1857 1153 1895 multa
1183 1857 1306 1895 habet
1338 1856 1557 1895 Chondriae
1588 1856 1656 1894 da-

126 1921 336 1972 syphyllae,
383 1922 562 1973 speciem
611 1926 746 1961 tamen
793 1923 915 1974 longe
954 1923 1156 1961 diversam
1189 1922 1449 1961 considerare
1479 1934 1655 1974 propen-

123 2000 190 2025 sus
220 2000 320 2026 sum.

556 2121 785 2161 SPEGIES
816 2121 1229 2161 DISPONANTUR:

122 2233 146 2258 *²
184 2233 356 2276 Cellule's
385 2235 651 2277 c-ortz'ealz'bus
676 2235 1070 2289 yrcmmlfforvm'bus,
1099 2249 1241 2288 nempe
1272 2236 1532 2278 brevissimis
1562 2236 1654 2277 dia-

528 2306 655 2344 metro
684 2316 758 2344 suo
780 2317 941 2355 parum
973 2302 1239 2356 lonyioribm.

525 2406 552 2457 †
582 2405 765 2448 ramulis
792 2407 985 2459 utrmque
1014 2407 1254 2448 attenuatis.

1195 2497 1227 2530 1.
1257 2496 1320 2530 CH.
1349 2497 1531 2529 Bonum.

1196 2554 1226 2586 2.
1254 2553 1318 2587 Cn.
1344 2563 1551 2586 LlTTORAms.

1194 2611 1225 2643 3.
1252 2610 1314 2644 CH.
1340 2620 1628 2643 ATROPURPUREA·

1197 2669 1229 2700 4.
1258 2667 1319 2701 CH.
1346 2678 1517 2700 CAPENSIS.

641 2746 702 2800 Η
732 2746 913 2788 ramulis
942 2746 1132 2789 clavatis.

1190 2816 1222 2848 5.
1250 2813 1311 2848 Cn.
1338 2823 1488 2846 RIPARIA.

1191 2872 1222 2904 6.
1251 2871 1313 2905 Cn.
1341 2881 1554 2904 SECUNDATA.
