<?xml version="1.0" encoding="UTF-8"?>
<!DOCTYPE html PUBLIC "-//W3C//DTD XHTML 1.0 Transitional//EN"
    "http://www.w3.org/TR/xhtml1/DTD/xhtml1-transitional.dtd">
<html xmlns="http://www.w3.org/1999/xhtml" xml:lang="en" lang="en">
 <head>
  <title>
</title>
<meta http-equiv="Content-Type" content="text/html;charset=utf-8" />
  <meta name='ocr-system' content='tesseract 3.04.00' />
  <meta name='ocr-capabilities' content='ocr_page ocr_carea ocr_par ocr_line ocrx_word'/>
</head>
<body>
  <div class='ocr_page' id='page_1' title='image "./speciesgeneraeto0203agar_0197.png"; bbox 0 0 1728 3110; ppageno 0'>
   <div class='ocr_carea' id='block_1_1' title="bbox 56 136 1564 184">
    <p class='ocr_par' dir='ltr' id='par_1_1' title="bbox 56 136 1564 184">
     <span class='ocr_line' id='line_1_1' title="bbox 56 136 1564 184; baseline 0.001 -6"><span class='ocrx_word' id='word_1_1' title='bbox 56 141 318 184; x_wconf 40' lang='lat' dir='ltr'>Rhodonefela,</span> <span class='ocrx_word' id='word_1_2' title='bbox 667 136 948 180; x_wconf 72' lang='lat' dir='ltr'>RnononELEAE.</span> <span class='ocrx_word' id='word_1_3' title='bbox 1474 139 1497 180; x_wconf 81' lang='lat'>8</span> <span class='ocrx_word' id='word_1_4' title='bbox 1507 139 1530 180; x_wconf 75' lang='lat'><strong>3</strong></span> <span class='ocrx_word' id='word_1_5' title='bbox 1541 139 1564 180; x_wconf 95' lang='grc'>7</span> 
     </span>
    </p>
   </div>
   <div class='ocr_carea' id='block_1_2' title="bbox 158 266 1566 453">
    <p class='ocr_par' dir='ltr' id='par_1_2' title="bbox 158 266 1566 453">
     <span class='ocr_line' id='line_1_2' title="bbox 160 266 1566 319; baseline 0.004 -15"><span class='ocrx_word' id='word_1_6' title='bbox 160 266 325 305; x_wconf 86' lang='lat' dir='ltr'>ramulis</span> <span class='ocrx_word' id='word_1_7' title='bbox 356 280 681 319; x_wconf 85' lang='lat' dir='ltr'>quoquoversum</span> <span class='ocrx_word' id='word_1_8' title='bbox 723 267 1025 318; x_wconf 76' lang='lat' dir='ltr'>egredientibus</span> <span class='ocrx_word' id='word_1_9' title='bbox 1056 269 1249 309; x_wconf 79' lang='lat' dir='ltr'><strong>teretibus</strong></span> <span class='ocrx_word' id='word_1_10' title='bbox 1280 270 1475 309; x_wconf 87' lang='lat' dir='ltr'>subulatis</span> <span class='ocrx_word' id='word_1_11' title='bbox 1506 270 1566 308; x_wconf 91' lang='lat' dir='ltr'>in-</span> 
     </span>
     <span class='ocr_line' id='line_1_3' title="bbox 160 334 1565 388; baseline 0.004 -17"><span class='ocrx_word' id='word_1_12' title='bbox 160 334 305 381; x_wconf 79' lang='lat' dir='ltr'>curvis,</span> <span class='ocrx_word' id='word_1_13' title='bbox 347 334 715 386; x_wconf 80' lang='lat' dir='ltr'>sphaerosporiferis</span> <span class='ocrx_word' id='word_1_14' title='bbox 755 334 1351 388; x_wconf 78' lang='lat' dir='ltr'>subfascieulato-corymbosis,</span> <span class='ocrx_word' id='word_1_15' title='bbox 1391 337 1565 376; x_wconf 82' lang='lat' dir='ltr'>kerami-</span> 
     </span>
     <span class='ocr_line' id='line_1_4' title="bbox 158 400 742 453; baseline 0 -14"><span class='ocrx_word' id='word_1_16' title='bbox 158 400 235 439; x_wconf 80' lang='lat' dir='ltr'>diis</span> <span class='ocrx_word' id='word_1_17' title='bbox 265 401 445 452; x_wconf 77' lang='lat' dir='ltr'>globosis</span> <span class='ocrx_word' id='word_1_18' title='bbox 476 401 742 453; x_wconf 87' lang='lat' dir='ltr'>pedieellatis.</span> 
     </span>
    </p>
   </div>
   <div class='ocr_carea' id='block_1_3' title="bbox 51 478 1566 757">
    <p class='ocr_par' dir='ltr' id='par_1_3' title="bbox 144 478 858 513">
     <span class='ocr_line' id='line_1_5' title="bbox 144 478 858 513; baseline 0 -2"><span class='ocrx_word' id='word_1_19' title='bbox 144 480 265 513; x_wconf 85' lang='lat' dir='ltr'>Fucus</span> <span class='ocrx_word' id='word_1_20' title='bbox 290 480 401 512; x_wconf 84' lang='lat' dir='ltr'>Larix</span> <span class='ocrx_word' id='word_1_21' title='bbox 430 478 544 512; x_wconf 74' lang='lat' dir='ltr'>Turn.</span> <span class='ocrx_word' id='word_1_22' title='bbox 572 479 594 512; x_wconf 84' lang='lat' dir='ltr'>l.</span> <span class='ocrx_word' id='word_1_23' title='bbox 621 489 649 512; x_wconf 77' lang='lat' dir='ltr'>c.</span> <span class='ocrx_word' id='word_1_24' title='bbox 678 478 748 512; x_wconf 78' lang='lat' dir='ltr'>tab.</span> <span class='ocrx_word' id='word_1_25' title='bbox 777 480 858 512; x_wconf 74' lang='lat'>207!</span> 
     </span>
    </p>

    <p class='ocr_par' dir='ltr' id='par_1_4' title="bbox 51 536 1566 639">
     <span class='ocr_line' id='line_1_6' title="bbox 143 536 1566 583; baseline 0.003 -13"><span class='ocrx_word' id='word_1_26' title='bbox 143 536 371 570; x_wconf 81' lang='lat' dir='ltr'>Rhodomela</span> <span class='ocrx_word' id='word_1_27' title='bbox 399 538 508 571; x_wconf 72' lang='lat' dir='ltr'>Larix</span> <span class='ocrx_word' id='word_1_28' title='bbox 536 537 603 579; x_wconf 70' lang='lat' dir='ltr'>Ay.</span> <span class='ocrx_word' id='word_1_29' title='bbox 630 536 693 579; x_wconf 75' lang='lat' dir='ltr'>Sp.</span> <span class='ocrx_word' id='word_1_30' title='bbox 715 547 755 580; x_wconf 75' lang='lat' dir='ltr'>p.</span> <span class='ocrx_word' id='word_1_31' title='bbox 789 538 854 571; x_wconf 82' lang='lat' dir='ltr'>37ss</span> <span class='ocrx_word' id='word_1_32' title='bbox 893 540 927 569; x_wconf 70' lang='lat' dir='ltr'>ct</span> <span class='ocrx_word' id='word_1_33' title='bbox 961 536 1058 579; x_wconf 31' lang='lat' dir='ltr'>Sys-t.</span> <span class='ocrx_word' id='word_1_34' title='bbox 1080 547 1119 579; x_wconf 75' lang='lat'>1).</span> <span class='ocrx_word' id='word_1_35' title='bbox 1147 537 1236 573; x_wconf 74' lang='lat'>198!</span> <span class='ocrx_word' id='word_1_36' title='bbox 1260 538 1359 573; x_wconf 60' lang='lat' dir='ltr'>Post.</span> <span class='ocrx_word' id='word_1_37' title='bbox 1386 543 1420 573; x_wconf 75' lang='lat' dir='ltr'>et</span> <span class='ocrx_word' id='word_1_38' title='bbox 1443 540 1566 583; x_wconf 73' lang='lat' dir='ltr'>Rupr.</span> 
     </span>
     <span class='ocr_line' id='line_1_7' title="bbox 51 594 1466 639; baseline 0.001 -10"><span class='ocrx_word' id='word_1_39' title='bbox 51 595 193 629; x_wconf 61' lang='grc' dir='ltr'>[Μηδέν.</span> <span class='ocrx_word' id='word_1_40' title='bbox 212 604 251 636; x_wconf 70' lang='lat' dir='ltr'>p.</span> <span class='ocrx_word' id='word_1_41' title='bbox 278 595 321 627; x_wconf 68' lang='lat'>14</span> <span class='ocrx_word' id='word_1_42' title='bbox 349 594 419 627; x_wconf 74' lang='lat' dir='ltr'>tab.</span> <span class='ocrx_word' id='word_1_43' title='bbox 449 594 682 629; x_wconf 87' lang='lat' dir='ltr'><em>XXXVIII.</em></span> <span class='ocrx_word' id='word_1_44' title='bbox 701 594 766 639; x_wconf 72' lang='lat' dir='ltr'>fly.</span> <span class='ocrx_word' id='word_1_45' title='bbox 793 595 835 628; x_wconf 75' lang='lat' dir='ltr'>h!</span> <span class='ocrx_word' id='word_1_46' title='bbox 858 595 977 629; x_wconf 64' lang='lat' dir='ltr'>Harn.</span> <span class='ocrx_word' id='word_1_47' title='bbox 1003 595 1092 629; x_wconf 76' lang='lat' dir='ltr'>Ner.</span> <span class='ocrx_word' id='word_1_48' title='bbox 1120 596 1208 630; x_wconf 82' lang='lat' dir='ltr'>Bor.</span> <span class='ocrx_word' id='word_1_49' title='bbox 1238 596 1317 630; x_wconf 74' lang='lat' dir='ltr'>Am.</span> <span class='ocrx_word' id='word_1_50' title='bbox 1343 608 1384 639; x_wconf 72' lang='lat'>2).</span> <span class='ocrx_word' id='word_1_51' title='bbox 1411 599 1466 632; x_wconf 73' lang='lat'>24.</span> 
     </span>
    </p>

    <p class='ocr_par' dir='ltr' id='par_1_5' title="bbox 141 653 1008 697">
     <span class='ocr_line' id='line_1_8' title="bbox 141 653 1008 697; baseline -0.001 -9"><span class='ocrx_word' id='word_1_52' title='bbox 141 655 314 689; x_wconf 85' lang='lat' dir='ltr'>Fuscaria</span> <span class='ocrx_word' id='word_1_53' title='bbox 338 655 450 688; x_wconf 78' lang='lat' dir='ltr'>Larix</span> <span class='ocrx_word' id='word_1_54' title='bbox 476 653 598 696; x_wconf 74' lang='lat' dir='ltr'>Rupr.</span> <span class='ocrx_word' id='word_1_55' title='bbox 627 654 708 697; x_wconf 67' lang='lat' dir='ltr'>Alq.</span> <span class='ocrx_word' id='word_1_56' title='bbox 738 653 860 687; x_wconf 71' lang='lat' dir='ltr'>Oclcot.</span> <span class='ocrx_word' id='word_1_57' title='bbox 883 663 921 696; x_wconf 68' lang='grc' dir='ltr'>Ρ.</span> <span class='ocrx_word' id='word_1_58' title='bbox 949 655 1008 687; x_wconf 75' lang='lat'>27!</span> 
     </span>
    </p>

    <p class='ocr_par' dir='ltr' id='par_1_6' title="bbox 143 711 970 757">
     <span class='ocr_line' id='line_1_9' title="bbox 143 711 970 757; baseline 0 -11"><span class='ocrx_word' id='word_1_59' title='bbox 143 713 316 757; x_wconf 86' lang='lat' dir='ltr'>Lophura</span> <span class='ocrx_word' id='word_1_60' title='bbox 341 714 453 746; x_wconf 79' lang='lat' dir='ltr'>Larix</span> <span class='ocrx_word' id='word_1_61' title='bbox 483 711 595 745; x_wconf 60' lang='lat' dir='ltr'>Kz&#39;itz.</span> <span class='ocrx_word' id='word_1_62' title='bbox 623 711 685 754; x_wconf 74' lang='lat' dir='ltr'>Sp.</span> <span class='ocrx_word' id='word_1_63' title='bbox 714 712 794 756; x_wconf 71' lang='lat' dir='ltr'><em>Aly.</em></span> <span class='ocrx_word' id='word_1_64' title='bbox 815 722 856 754; x_wconf 71' lang='lat' dir='ltr'>p.</span> <span class='ocrx_word' id='word_1_65' title='bbox 887 713 970 746; x_wconf 74' lang='lat'>850!</span> 
     </span>
    </p>
   </div>
   <div class='ocr_carea' id='block_1_4' title="bbox 53 792 1565 914">
    <p class='ocr_par' dir='ltr' id='par_1_7' title="bbox 53 792 1565 914">
     <span class='ocr_line' id='line_1_10' title="bbox 158 792 1565 846; baseline -0.001 -14"><span class='ocrx_word' id='word_1_66' title='bbox 158 794 259 834; x_wconf 86' lang='lat' dir='ltr'>Hab.</span> <span class='ocrx_word' id='word_1_67' title='bbox 290 794 330 832; x_wconf 88' lang='lat' dir='ltr'>in</span> <span class='ocrx_word' id='word_1_68' title='bbox 364 794 527 834; x_wconf 80' lang='lat' dir='ltr'>Oceano</span> <span class='ocrx_word' id='word_1_69' title='bbox 559 794 732 846; x_wconf 81' lang='lat' dir='ltr'>pacifico</span> <span class='ocrx_word' id='word_1_70' title='bbox 763 793 1070 846; x_wconf 79' lang='lat' dir='ltr'>septentrionali</span> <span class='ocrx_word' id='word_1_71' title='bbox 1090 792 1565 842; x_wconf 73' lang='lat' dir='ltr'>(Chamissole.Bon-</span> 
     </span>
     <span class='ocr_line' id='line_1_11' title="bbox 53 861 926 914; baseline 0.002 -16"><span class='ocrx_word' id='word_1_72' title='bbox 53 862 146 912; x_wconf 81' lang='lat' dir='ltr'>nay!</span> <span class='ocrx_word' id='word_1_73' title='bbox 177 861 356 913; x_wconf 80' lang='lat' dir='ltr'>Harvey!</span> <span class='ocrx_word' id='word_1_74' title='bbox 388 862 489 900; x_wconf 87' lang='lat' dir='ltr'>Mus.</span> <span class='ocrx_word' id='word_1_75' title='bbox 522 862 926 914; x_wconf 77' lang='lat' dir='ltr'>Petropolitanuml).</span> 
     </span>
    </p>
   </div>
   <div class='ocr_carea' id='block_1_5' title="bbox 50 952 1569 2329">
    <p class='ocr_par' dir='ltr' id='par_1_8' title="bbox 51 952 1568 1464">
     <span class='ocr_line' id='line_1_12' title="bbox 142 952 1568 996; baseline -0.001 -11"><span class='ocrx_word' id='word_1_76' title='bbox 142 952 260 985; x_wconf 86' lang='lat' dir='ltr'>Frons</span> <span class='ocrx_word' id='word_1_77' title='bbox 286 952 434 985; x_wconf 85' lang='lat' dir='ltr'>videtur</span> <span class='ocrx_word' id='word_1_78' title='bbox 461 953 612 985; x_wconf 89' lang='lat' dir='ltr'>omnino</span> <span class='ocrx_word' id='word_1_79' title='bbox 640 954 745 991; x_wconf 62' lang='lat' dir='ltr'>teres</span> <span class='ocrx_word' id='word_1_80' title='bbox 761 953 872 984; x_wconf 80' lang='lat' dir='ltr'>ramis</span> <span class='ocrx_word' id='word_1_81' title='bbox 888 952 1118 996; x_wconf 74' lang='lat' dir='ltr'>rainnlisque</span> <span class='ocrx_word' id='word_1_82' title='bbox 1140 962 1445 996; x_wconf 84' lang='lat' dir='ltr'>quoquoversum</span> <span class='ocrx_word' id='word_1_83' title='bbox 1469 961 1568 992; x_wconf 76' lang='lat' dir='ltr'>egre-</span> 
     </span>
     <span class='ocr_line' id='line_1_13' title="bbox 52 1010 1568 1054; baseline 0 -12"><span class='ocrx_word' id='word_1_84' title='bbox 52 1010 241 1043; x_wconf 84' lang='lat' dir='ltr'>dientibus</span> <span class='ocrx_word' id='word_1_85' title='bbox 267 1010 447 1054; x_wconf 82' lang='lat' dir='ltr'>pinnatim</span> <span class='ocrx_word' id='word_1_86' title='bbox 473 1011 605 1048; x_wconf 79' lang='lat' dir='ltr'>obsita,</span> <span class='ocrx_word' id='word_1_87' title='bbox 646 1012 779 1054; x_wconf 67' lang='lat' dir='ltr'>sfepius</span> <span class='ocrx_word' id='word_1_88' title='bbox 819 1011 1038 1043; x_wconf 78' lang='lat' dir='ltr'>densissime</span> <span class='ocrx_word' id='word_1_89' title='bbox 1073 1011 1230 1043; x_wconf 80' lang='lat' dir='ltr'>obtecta.</span> <span class='ocrx_word' id='word_1_90' title='bbox 1281 1011 1387 1043; x_wconf 85' lang='lat' dir='ltr'>Rami</span> <span class='ocrx_word' id='word_1_91' title='bbox 1413 1011 1568 1054; x_wconf 85' lang='lat' dir='ltr'>semipe-</span> 
     </span>
     <span class='ocr_line' id='line_1_14' title="bbox 53 1068 1568 1113; baseline 0.001 -12"><span class='ocrx_word' id='word_1_92' title='bbox 53 1069 163 1108; x_wconf 85' lang='lat' dir='ltr'>dales,</span> <span class='ocrx_word' id='word_1_93' title='bbox 179 1070 344 1101; x_wconf 85' lang='lat' dir='ltr'>crassitie</span> <span class='ocrx_word' id='word_1_94' title='bbox 371 1079 528 1112; x_wconf 78' lang='lat' dir='ltr'>pennam</span> <span class='ocrx_word' id='word_1_95' title='bbox 555 1068 808 1102; x_wconf 78' lang='lat' dir='ltr'>columbinam</span> <span class='ocrx_word' id='word_1_96' title='bbox 835 1070 984 1102; x_wconf 84' lang='lat' dir='ltr'>circiter</span> <span class='ocrx_word' id='word_1_97' title='bbox 1010 1072 1209 1113; x_wconf 67' lang='lat' dir='ltr'>zrqiianteS,</span> <span class='ocrx_word' id='word_1_98' title='bbox 1237 1070 1379 1102; x_wconf 86' lang='lat' dir='ltr'>inferne</span> <span class='ocrx_word' id='word_1_99' title='bbox 1405 1069 1568 1102; x_wconf 83' lang='lat' dir='ltr'>ramulo-</span> 
     </span>
     <span class='ocr_line' id='line_1_15' title="bbox 52 1126 1568 1171; baseline 0.001 -12"><span class='ocrx_word' id='word_1_100' title='bbox 52 1137 133 1159; x_wconf 86' lang='lat' dir='ltr'>rum</span> <span class='ocrx_word' id='word_1_101' title='bbox 160 1126 331 1171; x_wconf 80' lang='lat' dir='ltr'>reliquiis</span> <span class='ocrx_word' id='word_1_102' title='bbox 358 1127 441 1171; x_wconf 84' lang='lat' dir='ltr'>plus</span> <span class='ocrx_word' id='word_1_103' title='bbox 469 1129 592 1160; x_wconf 90' lang='lat' dir='ltr'>minus</span> <span class='ocrx_word' id='word_1_104' title='bbox 619 1128 732 1160; x_wconf 77' lang='lat' dir='ltr'>dense</span> <span class='ocrx_word' id='word_1_105' title='bbox 759 1128 881 1167; x_wconf 81' lang='lat' dir='ltr'>obsiti,</span> <span class='ocrx_word' id='word_1_106' title='bbox 909 1139 995 1160; x_wconf 82' lang='lat' dir='ltr'>mox</span> <span class='ocrx_word' id='word_1_107' title='bbox 1022 1129 1134 1160; x_wconf 80' lang='lat' dir='ltr'>ramis</span> <span class='ocrx_word' id='word_1_108' title='bbox 1163 1128 1400 1161; x_wconf 81' lang='lat' dir='ltr'>brevioribus</span> <span class='ocrx_word' id='word_1_109' title='bbox 1422 1129 1568 1161; x_wconf 87' lang='lat' dir='ltr'>consor-</span> 
     </span>
     <span class='ocr_line' id='line_1_16' title="bbox 52 1185 1567 1229; baseline 0.001 -12"><span class='ocrx_word' id='word_1_110' title='bbox 52 1185 172 1217; x_wconf 85' lang='lat' dir='ltr'>mibus</span> <span class='ocrx_word' id='word_1_111' title='bbox 199 1186 350 1219; x_wconf 77' lang='lat' dir='ltr'>omnino</span> <span class='ocrx_word' id='word_1_112' title='bbox 377 1186 528 1226; x_wconf 80' lang='lat' dir='ltr'>obtecti,</span> <span class='ocrx_word' id='word_1_113' title='bbox 557 1187 716 1229; x_wconf 77' lang='lat' dir='ltr'>digitum</span> <span class='ocrx_word' id='word_1_114' title='bbox 750 1187 932 1219; x_wconf 74' lang='lat' dir='ltr'>minorem</span> <span class='ocrx_word' id='word_1_115' title='bbox 960 1187 1034 1219; x_wconf 86' lang='lat' dir='ltr'>scre</span> <span class='ocrx_word' id='word_1_116' title='bbox 1062 1188 1194 1229; x_wconf 67' lang='lat' dir='ltr'>crassi·7</span> <span class='ocrx_word' id='word_1_117' title='bbox 1232 1187 1366 1219; x_wconf 81' lang='lat' dir='ltr'>ramuli</span> <span class='ocrx_word' id='word_1_118' title='bbox 1396 1188 1567 1220; x_wconf 85' lang='lat' dir='ltr'>teretius-</span> 
     </span>
     <span class='ocr_line' id='line_1_17' title="bbox 52 1243 1567 1288; baseline 0.001 -12"><span class='ocrx_word' id='word_1_119' title='bbox 52 1243 124 1277; x_wconf 89' lang='lat' dir='ltr'>culi</span> <span class='ocrx_word' id='word_1_120' title='bbox 151 1243 317 1276; x_wconf 79' lang='lat' dir='ltr'>subulati</span> <span class='ocrx_word' id='word_1_121' title='bbox 344 1245 498 1284; x_wconf 83' lang='lat' dir='ltr'>incurvi,</span> <span class='ocrx_word' id='word_1_122' title='bbox 525 1246 574 1277; x_wconf 80' lang='lat' dir='ltr'>ita</span> <span class='ocrx_word' id='word_1_123' title='bbox 603 1255 698 1287; x_wconf 55' lang='lat' dir='ltr'>saepe</span> <span class='ocrx_word' id='word_1_124' title='bbox 727 1244 833 1277; x_wconf 89' lang='lat' dir='ltr'>densi</span> <span class='ocrx_word' id='word_1_125' title='bbox 860 1248 900 1277; x_wconf 86' lang='lat' dir='ltr'>ut</span> <span class='ocrx_word' id='word_1_126' title='bbox 926 1244 1047 1277; x_wconf 82' lang='lat' dir='ltr'>rachis</span> <span class='ocrx_word' id='word_1_127' title='bbox 1075 1245 1172 1277; x_wconf 79' lang='lat' dir='ltr'>haud</span> <span class='ocrx_word' id='word_1_128' title='bbox 1201 1246 1457 1288; x_wconf 82' lang='lat' dir='ltr'>conspiriatnr.</span> <span class='ocrx_word' id='word_1_129' title='bbox 1496 1247 1567 1279; x_wconf 83' lang='lat' dir='ltr'>Sti-</span> 
     </span>
     <span class='ocr_line' id='line_1_18' title="bbox 51 1301 1567 1347; baseline 0.002 -13"><span class='ocrx_word' id='word_1_130' title='bbox 51 1301 171 1335; x_wconf 76' lang='lat' dir='ltr'>chidia</span> <span class='ocrx_word' id='word_1_131' title='bbox 198 1302 242 1335; x_wconf 82' lang='lat' dir='ltr'>ad</span> <span class='ocrx_word' id='word_1_132' title='bbox 260 1303 400 1344; x_wconf 79' lang='lat' dir='ltr'>apicem</span> <span class='ocrx_word' id='word_1_133' title='bbox 427 1314 616 1336; x_wconf 83' lang='lat' dir='ltr'>ramorum</span> <span class='ocrx_word' id='word_1_134' title='bbox 645 1304 859 1336; x_wconf 86' lang='lat' dir='ltr'>breviorum</span> <span class='ocrx_word' id='word_1_135' title='bbox 876 1305 1142 1347; x_wconf 77' lang='lat' dir='ltr'>provenientia,</span> <span class='ocrx_word' id='word_1_136' title='bbox 1156 1305 1310 1337; x_wconf 82' lang='lat' dir='ltr'>ramulis</span> <span class='ocrx_word' id='word_1_137' title='bbox 1326 1306 1489 1337; x_wconf 76' lang='lat' dir='ltr'>incurvis</span> <span class='ocrx_word' id='word_1_138' title='bbox 1505 1315 1567 1337; x_wconf 88' lang='lat' dir='ltr'>ex—</span> 
     </span>
     <span class='ocr_line' id='line_1_19' title="bbox 53 1360 1567 1405; baseline 0.001 -11"><span class='ocrx_word' id='word_1_139' title='bbox 53 1360 252 1394; x_wconf 85' lang='lat' dir='ltr'>terioribus</span> <span class='ocrx_word' id='word_1_140' title='bbox 279 1362 406 1397; x_wconf 82' lang='lat' dir='ltr'>cincta,</span> <span class='ocrx_word' id='word_1_141' title='bbox 433 1363 513 1405; x_wconf 84' lang='lat' dir='ltr'>ipsa</span> <span class='ocrx_word' id='word_1_142' title='bbox 540 1363 692 1395; x_wconf 81' lang='lat' dir='ltr'>incurva</span> <span class='ocrx_word' id='word_1_143' title='bbox 708 1362 1172 1405; x_wconf 75' lang='lat' dir='ltr'>fasciculato-corymbosa,</span> <span class='ocrx_word' id='word_1_144' title='bbox 1198 1363 1353 1396; x_wconf 83' lang='lat' dir='ltr'>ramulis</span> <span class='ocrx_word' id='word_1_145' title='bbox 1379 1363 1567 1396; x_wconf 85' lang='lat' dir='ltr'>sterilibus</span> 
     </span>
     <span class='ocr_line' id='line_1_20' title="bbox 54 1419 1278 1464; baseline 0.002 -12"><span class='ocrx_word' id='word_1_146' title='bbox 54 1419 237 1452; x_wconf 77' lang='lat' dir='ltr'>breviora.</span> <span class='ocrx_word' id='word_1_147' title='bbox 286 1419 502 1452; x_wconf 76' lang='lat' dir='ltr'>Substantia</span> <span class='ocrx_word' id='word_1_148' title='bbox 527 1421 642 1453; x_wconf 84' lang='lat' dir='ltr'>firma.</span> <span class='ocrx_word' id='word_1_149' title='bbox 692 1422 952 1454; x_wconf 82' lang='lat' dir='ltr'>Exsiccatione</span> <span class='ocrx_word' id='word_1_150' title='bbox 980 1423 1132 1454; x_wconf 89' lang='lat' dir='ltr'>omnino</span> <span class='ocrx_word' id='word_1_151' title='bbox 1161 1423 1278 1464; x_wconf 78' lang='lat' dir='ltr'>nigra.</span> 
     </span>
    </p>

    <p class='ocr_par' dir='ltr' id='par_1_9' title="bbox 50 1477 1569 1991">
     <span class='ocr_line' id='line_1_21' title="bbox 142 1477 1569 1524; baseline -0.001 -14"><span class='ocrx_word' id='word_1_152' title='bbox 142 1477 336 1521; x_wconf 86' lang='lat' dir='ltr'>Duplicem</span> <span class='ocrx_word' id='word_1_153' title='bbox 364 1478 439 1510; x_wconf 80' lang='lat' dir='ltr'>sere</span> <span class='ocrx_word' id='word_1_154' title='bbox 467 1478 625 1511; x_wconf 84' lang='lat' dir='ltr'>formam</span> <span class='ocrx_word' id='word_1_155' title='bbox 650 1478 759 1521; x_wconf 81' lang='lat' dir='ltr'>hujus</span> <span class='ocrx_word' id='word_1_156' title='bbox 794 1480 1026 1522; x_wconf 78' lang='lat' dir='ltr'>distinguere</span> <span class='ocrx_word' id='word_1_157' title='bbox 1055 1480 1150 1520; x_wconf 87' lang='lat' dir='ltr'>licet,</span> <span class='ocrx_word' id='word_1_158' title='bbox 1176 1491 1288 1513; x_wconf 84' lang='lat' dir='ltr'>unam</span> <span class='ocrx_word' id='word_1_159' title='bbox 1317 1490 1427 1524; x_wconf 83' lang='lat' dir='ltr'>quam</span> <span class='ocrx_word' id='word_1_160' title='bbox 1455 1490 1569 1523; x_wconf 80' lang='lat' dir='ltr'>supra</span> 
     </span>
     <span class='ocr_line' id='line_1_22' title="bbox 52 1535 1568 1581; baseline 0.001 -12"><span class='ocrx_word' id='word_1_161' title='bbox 52 1537 298 1579; x_wconf 84' lang='lat' dir='ltr'>descriptione</span> <span class='ocrx_word' id='word_1_162' title='bbox 325 1535 410 1568; x_wconf 86' lang='lat' dir='ltr'>data</span> <span class='ocrx_word' id='word_1_163' title='bbox 448 1536 635 1570; x_wconf 82' lang='lat' dir='ltr'>delineare</span> <span class='ocrx_word' id='word_1_164' title='bbox 675 1539 834 1581; x_wconf 67' lang='lat' dir='ltr'>tentavi·7</span> <span class='ocrx_word' id='word_1_165' title='bbox 873 1538 1009 1571; x_wconf 81' lang='lat' dir='ltr'>ramuli</span> <span class='ocrx_word' id='word_1_166' title='bbox 1041 1540 1078 1571; x_wconf 90' lang='lat' dir='ltr'>in</span> <span class='ocrx_word' id='word_1_167' title='bbox 1104 1539 1167 1572; x_wconf 82' lang='lat' dir='ltr'>illa</span> <span class='ocrx_word' id='word_1_168' title='bbox 1198 1541 1333 1572; x_wconf 80' lang='lat' dir='ltr'>eximie</span> <span class='ocrx_word' id='word_1_169' title='bbox 1359 1540 1504 1572; x_wconf 84' lang='lat' dir='ltr'>incurvi</span> <span class='ocrx_word' id='word_1_170' title='bbox 1533 1541 1568 1570; x_wconf 84' lang='lat' dir='ltr'>et</span> 
     </span>
     <span class='ocr_line' id='line_1_23' title="bbox 51 1594 1569 1640; baseline 0.001 -12"><span class='ocrx_word' id='word_1_171' title='bbox 51 1595 159 1634; x_wconf 83' lang='lat' dir='ltr'>acuti,</span> <span class='ocrx_word' id='word_1_172' title='bbox 184 1594 371 1637; x_wconf 79' lang='lat' dir='ltr'>ramisque</span> <span class='ocrx_word' id='word_1_173' title='bbox 414 1595 622 1628; x_wconf 87' lang='lat' dir='ltr'>minoribus</span> <span class='ocrx_word' id='word_1_174' title='bbox 662 1595 849 1628; x_wconf 85' lang='lat' dir='ltr'>rachidem</span> <span class='ocrx_word' id='word_1_175' title='bbox 889 1598 995 1640; x_wconf 24' lang='lat' dir='ltr'>‹cluasi</span> <span class='ocrx_word' id='word_1_176' title='bbox 1034 1608 1098 1640; x_wconf 84' lang='lat' dir='ltr'>per</span> <span class='ocrx_word' id='word_1_177' title='bbox 1130 1597 1326 1630; x_wconf 82' lang='lat' dir='ltr'>intervalla</span> <span class='ocrx_word' id='word_1_178' title='bbox 1354 1597 1506 1630; x_wconf 87' lang='lat' dir='ltr'>densius</span> <span class='ocrx_word' id='word_1_179' title='bbox 1533 1599 1569 1629; x_wconf 77' lang='lat' dir='ltr'>et</span> 
     </span>
     <span class='ocr_line' id='line_1_24' title="bbox 50 1651 1568 1698; baseline 0 -11"><span class='ocrx_word' id='word_1_180' title='bbox 50 1654 171 1687; x_wconf 80' lang='lat' dir='ltr'>laxius</span> <span class='ocrx_word' id='word_1_181' title='bbox 198 1651 472 1695; x_wconf 80' lang='lat' dir='ltr'>obtegentibus‚</span> <span class='ocrx_word' id='word_1_182' title='bbox 498 1657 610 1697; x_wconf 86' lang='lat' dir='ltr'>prout</span> <span class='ocrx_word' id='word_1_183' title='bbox 626 1655 663 1686; x_wconf 91' lang='lat' dir='ltr'>in</span> <span class='ocrx_word' id='word_1_184' title='bbox 690 1654 785 1686; x_wconf 82' lang='lat' dir='ltr'>linea</span> <span class='ocrx_word' id='word_1_185' title='bbox 814 1654 941 1698; x_wconf 82' lang='lat' dir='ltr'>spirali</span> <span class='ocrx_word' id='word_1_186' title='bbox 968 1655 1216 1688; x_wconf 79' lang='lat' dir='ltr'>adscendente</span> <span class='ocrx_word' id='word_1_187' title='bbox 1240 1655 1309 1688; x_wconf 89' lang='lat' dir='ltr'>hoc</span> <span class='ocrx_word' id='word_1_188' title='bbox 1336 1655 1394 1687; x_wconf 87' lang='lat' dir='ltr'>vel</span> <span class='ocrx_word' id='word_1_189' title='bbox 1408 1655 1568 1688; x_wconf 84' lang='lat' dir='ltr'>alterum</span> 
     </span>
     <span class='ocr_line' id='line_1_25' title="bbox 51 1711 1569 1754; baseline 0.001 -10"><span class='ocrx_word' id='word_1_190' title='bbox 51 1711 147 1744; x_wconf 78' lang='lat' dir='ltr'>latus</span> <span class='ocrx_word' id='word_1_191' title='bbox 174 1716 335 1744; x_wconf 84' lang='lat' dir='ltr'>servant.</span> <span class='ocrx_word' id='word_1_192' title='bbox 384 1712 514 1745; x_wconf 83' lang='lat' dir='ltr'>Altera</span> <span class='ocrx_word' id='word_1_193' title='bbox 541 1712 691 1746; x_wconf 88' lang='lat' dir='ltr'>densius</span> <span class='ocrx_word' id='word_1_194' title='bbox 718 1713 793 1745; x_wconf 79' lang='lat' dir='ltr'>fere</span> <span class='ocrx_word' id='word_1_195' title='bbox 821 1713 967 1746; x_wconf 80' lang='lat' dir='ltr'>obtecta</span> <span class='ocrx_word' id='word_1_196' title='bbox 995 1715 1108 1746; x_wconf 86' lang='lat' dir='ltr'>ramis</span> <span class='ocrx_word' id='word_1_197' title='bbox 1124 1714 1343 1754; x_wconf 86' lang='lat' dir='ltr'>minoribus,</span> <span class='ocrx_word' id='word_1_198' title='bbox 1358 1717 1395 1746; x_wconf 82' lang='lat' dir='ltr'>at</span> <span class='ocrx_word' id='word_1_199' title='bbox 1411 1714 1569 1746; x_wconf 88' lang='lat' dir='ltr'>circum-</span> 
     </span>
     <span class='ocr_line' id='line_1_26' title="bbox 52 1771 1568 1816; baseline 0.001 -13"><span class='ocrx_word' id='word_1_200' title='bbox 52 1772 147 1804; x_wconf 81' lang='lat' dir='ltr'>circa</span> <span class='ocrx_word' id='word_1_201' title='bbox 173 1782 275 1815; x_wconf 64' lang='lat' dir='ltr'>{eque</span> <span class='ocrx_word' id='word_1_202' title='bbox 305 1771 504 1814; x_wconf 81' lang='lat' dir='ltr'>dispositis,</span> <span class='ocrx_word' id='word_1_203' title='bbox 533 1775 568 1804; x_wconf 85' lang='lat' dir='ltr'>et</span> <span class='ocrx_word' id='word_1_204' title='bbox 595 1772 748 1805; x_wconf 80' lang='lat' dir='ltr'>ramulis</span> <span class='ocrx_word' id='word_1_205' title='bbox 777 1773 1024 1806; x_wconf 81' lang='lat' dir='ltr'>tenuioribus.</span> <span class='ocrx_word' id='word_1_206' title='bbox 1050 1773 1199 1806; x_wconf 86' lang='lat' dir='ltr'>Ramuli</span> <span class='ocrx_word' id='word_1_207' title='bbox 1226 1774 1451 1816; x_wconf 84' lang='lat' dir='ltr'>patentiores</span> <span class='ocrx_word' id='word_1_208' title='bbox 1476 1782 1568 1816; x_wconf 86' lang='lat' dir='ltr'>quo-</span> 
     </span>
     <span class='ocr_line' id='line_1_27' title="bbox 53 1830 1568 1875; baseline 0.002 -14"><span class='ocrx_word' id='word_1_209' title='bbox 53 1840 133 1873; x_wconf 85' lang='lat' dir='ltr'>que,</span> <span class='ocrx_word' id='word_1_210' title='bbox 158 1830 282 1861; x_wconf 83' lang='lat' dir='ltr'>minus</span> <span class='ocrx_word' id='word_1_211' title='bbox 308 1830 463 1869; x_wconf 78' lang='lat' dir='ltr'>incurvi,</span> <span class='ocrx_word' id='word_1_212' title='bbox 489 1832 524 1862; x_wconf 84' lang='lat' dir='ltr'>et</span> <span class='ocrx_word' id='word_1_213' title='bbox 561 1831 792 1873; x_wconf 74' lang='lat' dir='ltr'>obtusiores3</span> <span class='ocrx_word' id='word_1_214' title='bbox 831 1831 1004 1864; x_wconf 84' lang='lat' dir='ltr'>stichidia</span> <span class='ocrx_word' id='word_1_215' title='bbox 1042 1831 1233 1864; x_wconf 84' lang='lat' dir='ltr'>obtusiora</span> <span class='ocrx_word' id='word_1_216' title='bbox 1270 1833 1392 1864; x_wconf 88' lang='lat' dir='ltr'>minus</span> <span class='ocrx_word' id='word_1_217' title='bbox 1419 1835 1568 1875; x_wconf 85' lang='lat' dir='ltr'>quoque</span> 
     </span>
     <span class='ocr_line' id='line_1_28' title="bbox 50 1889 1567 1931; baseline 0.001 -10"><span class='ocrx_word' id='word_1_218' title='bbox 50 1889 212 1927; x_wconf 84' lang='lat' dir='ltr'>incurva,</span> <span class='ocrx_word' id='word_1_219' title='bbox 238 1889 403 1931; x_wconf 83' lang='lat' dir='ltr'>patentia</span> <span class='ocrx_word' id='word_1_220' title='bbox 429 1891 465 1920; x_wconf 86' lang='lat' dir='ltr'>et</span> <span class='ocrx_word' id='word_1_221' title='bbox 491 1889 709 1922; x_wconf 79' lang='lat' dir='ltr'>sub-divisa.</span> <span class='ocrx_word' id='word_1_222' title='bbox 760 1890 920 1923; x_wconf 83' lang='lat' dir='ltr'>Tantum</span> <span class='ocrx_word' id='word_1_223' title='bbox 946 1891 982 1922; x_wconf 87' lang='lat' dir='ltr'>in</span> <span class='ocrx_word' id='word_1_224' title='bbox 1014 1889 1080 1922; x_wconf 82' lang='lat' dir='ltr'>hac</span> <span class='ocrx_word' id='word_1_225' title='bbox 1106 1890 1225 1923; x_wconf 83' lang='lat' dir='ltr'>forma</span> <span class='ocrx_word' id='word_1_226' title='bbox 1250 1889 1327 1922; x_wconf 83' lang='lat' dir='ltr'>vidi</span> <span class='ocrx_word' id='word_1_227' title='bbox 1351 1889 1567 1928; x_wconf 80' lang='lat' dir='ltr'>keramidia,</span> 
     </span>
     <span class='ocr_line' id='line_1_29' title="bbox 52 1946 863 1991; baseline 0.002 -13"><span class='ocrx_word' id='word_1_228' title='bbox 52 1946 267 1979; x_wconf 85' lang='lat' dir='ltr'>densissime</span> <span class='ocrx_word' id='word_1_229' title='bbox 294 1956 418 1979; x_wconf 84' lang='lat' dir='ltr'>ramos</span> <span class='ocrx_word' id='word_1_230' title='bbox 445 1948 608 1980; x_wconf 86' lang='lat' dir='ltr'>minores</span> <span class='ocrx_word' id='word_1_231' title='bbox 637 1948 863 1991; x_wconf 78' lang='lat' dir='ltr'>obtegentia.</span> 
     </span>
    </p>

    <p class='ocr_par' dir='ltr' id='par_1_10' title="bbox 52 2003 1568 2329">
     <span class='ocr_line' id='line_1_30' title="bbox 142 2003 1567 2049; baseline 0 -11"><span class='ocrx_word' id='word_1_232' title='bbox 142 2005 194 2038; x_wconf 79' lang='lat' dir='ltr'>De</span> <span class='ocrx_word' id='word_1_233' title='bbox 222 2003 429 2037; x_wconf 83' lang='lat' dir='ltr'>differentia</span> <span class='ocrx_word' id='word_1_234' title='bbox 455 2005 563 2047; x_wconf 82' lang='lat' dir='ltr'>hujus</span> <span class='ocrx_word' id='word_1_235' title='bbox 590 2009 625 2038; x_wconf 86' lang='lat' dir='ltr'>et</span> <span class='ocrx_word' id='word_1_236' title='bbox 650 2006 719 2039; x_wconf 87' lang='lat' dir='ltr'>Rh.</span> <span class='ocrx_word' id='word_1_237' title='bbox 745 2007 911 2040; x_wconf 71' lang='lat' dir='ltr'>floccosae</span> <span class='ocrx_word' id='word_1_238' title='bbox 938 2006 1050 2039; x_wconf 80' lang='lat' dir='ltr'>dubia</span> <span class='ocrx_word' id='word_1_239' title='bbox 1076 2017 1167 2046; x_wconf 87' lang='lat' dir='ltr'>mea,</span> <span class='ocrx_word' id='word_1_240' title='bbox 1194 2006 1238 2039; x_wconf 90' lang='lat' dir='ltr'>de</span> <span class='ocrx_word' id='word_1_241' title='bbox 1264 2006 1330 2038; x_wconf 83' lang='lat' dir='ltr'>hae</span> <span class='ocrx_word' id='word_1_242' title='bbox 1358 2007 1478 2049; x_wconf 85' lang='lat' dir='ltr'>speeie</span> <span class='ocrx_word' id='word_1_243' title='bbox 1512 2005 1567 2038; x_wconf 92' lang='lat' dir='ltr'>lo-</span> 
     </span>
     <span class='ocr_line' id='line_1_31' title="bbox 52 2062 1568 2108; baseline 0.001 -14"><span class='ocrx_word' id='word_1_244' title='bbox 52 2073 177 2107; x_wconf 86' lang='lat' dir='ltr'>quens,</span> <span class='ocrx_word' id='word_1_245' title='bbox 203 2062 325 2095; x_wconf 78' lang='lat' dir='ltr'>attuli.</span> <span class='ocrx_word' id='word_1_246' title='bbox 375 2063 560 2096; x_wconf 81' lang='lat' dir='ltr'>Nimirum</span> <span class='ocrx_word' id='word_1_247' title='bbox 587 2065 728 2097; x_wconf 85' lang='lat' dir='ltr'>credidi</span> <span class='ocrx_word' id='word_1_248' title='bbox 767 2066 844 2098; x_wconf 87' lang='lat' dir='ltr'>fieri</span> <span class='ocrx_word' id='word_1_249' title='bbox 883 2075 990 2108; x_wconf 81' lang='lat' dir='ltr'>posse</span> <span class='ocrx_word' id='word_1_250' title='bbox 1033 2068 1075 2098; x_wconf 87' lang='lat' dir='ltr'>ut</span> <span class='ocrx_word' id='word_1_251' title='bbox 1099 2065 1168 2098; x_wconf 80' lang='lat' dir='ltr'>Rh.</span> <span class='ocrx_word' id='word_1_252' title='bbox 1195 2065 1293 2098; x_wconf 76' lang='lat' dir='ltr'>larix</span> <span class='ocrx_word' id='word_1_253' title='bbox 1319 2066 1415 2097; x_wconf 83' lang='lat' dir='ltr'>esset</span> <span class='ocrx_word' id='word_1_254' title='bbox 1441 2063 1568 2107; x_wconf 80' lang='lat' dir='ltr'>planta</span> 
     </span>
     <span class='ocr_line' id='line_1_32' title="bbox 53 2121 1565 2167; baseline 0.001 -15"><span class='ocrx_word' id='word_1_255' title='bbox 53 2121 203 2153; x_wconf 86' lang='lat' dir='ltr'>secundi</span> <span class='ocrx_word' id='word_1_256' title='bbox 229 2121 325 2161; x_wconf 81' lang='lat' dir='ltr'>anni,</span> <span class='ocrx_word' id='word_1_257' title='bbox 350 2122 506 2154; x_wconf 83' lang='lat' dir='ltr'>ramulis</span> <span class='ocrx_word' id='word_1_258' title='bbox 533 2123 692 2156; x_wconf 80' lang='lat' dir='ltr'>novellis</span> <span class='ocrx_word' id='word_1_259' title='bbox 707 2124 943 2156; x_wconf 80' lang='lat' dir='ltr'>circumcirca</span> <span class='ocrx_word' id='word_1_260' title='bbox 964 2124 1248 2167; x_wconf 81' lang='lat' dir='ltr'>erumpentibus</span> <span class='ocrx_word' id='word_1_261' title='bbox 1277 2126 1436 2166; x_wconf 75' lang='lat' dir='ltr'>mutata3</span> <span class='ocrx_word' id='word_1_262' title='bbox 1465 2121 1565 2167; x_wconf 86' lang='lat' dir='ltr'>quod</span> 
     </span>
     <span class='ocr_line' id='line_1_33' title="bbox 53 2180 1565 2225; baseline 0.001 -14"><span class='ocrx_word' id='word_1_263' title='bbox 53 2189 138 2211; x_wconf 86' lang='lat' dir='ltr'>vero</span> <span class='ocrx_word' id='word_1_264' title='bbox 164 2181 228 2211; x_wconf 82' lang='lat' dir='ltr'>vix</span> <span class='ocrx_word' id='word_1_265' title='bbox 254 2181 323 2212; x_wconf 89' lang='lat' dir='ltr'>nisi</span> <span class='ocrx_word' id='word_1_266' title='bbox 357 2180 681 2214; x_wconf 81' lang='lat' dir='ltr'>observationibus</span> <span class='ocrx_word' id='word_1_267' title='bbox 717 2183 754 2214; x_wconf 89' lang='lat' dir='ltr'>in</span> <span class='ocrx_word' id='word_1_268' title='bbox 794 2181 959 2225; x_wconf 76' lang='lat' dir='ltr'>plantam</span> <span class='ocrx_word' id='word_1_269' title='bbox 1000 2185 1227 2215; x_wconf 83' lang='lat' dir='ltr'>crescentem</span> <span class='ocrx_word' id='word_1_270' title='bbox 1261 2182 1431 2214; x_wconf 84' lang='lat' dir='ltr'>decidere</span> <span class='ocrx_word' id='word_1_271' title='bbox 1468 2181 1565 2213; x_wconf 88' lang='lat' dir='ltr'>licet.</span> 
     </span>
     <span class='ocr_line' id='line_1_34' title="bbox 52 2237 1566 2283; baseline 0.001 -13"><span class='ocrx_word' id='word_1_272' title='bbox 52 2237 331 2281; x_wconf 80' lang='lat' dir='ltr'>Experientiam</span> <span class='ocrx_word' id='word_1_273' title='bbox 367 2239 629 2282; x_wconf 77' lang='lat' dir='ltr'>algologorum</span> <span class='ocrx_word' id='word_1_274' title='bbox 666 2240 807 2272; x_wconf 77' lang='lat' dir='ltr'>Russiae</span> <span class='ocrx_word' id='word_1_275' title='bbox 845 2242 974 2273; x_wconf 86' lang='lat' dir='ltr'>contra</span> <span class='ocrx_word' id='word_1_276' title='bbox 1012 2239 1192 2281; x_wconf 85' lang='lat' dir='ltr'>ejusmodi</span> <span class='ocrx_word' id='word_1_277' title='bbox 1230 2240 1475 2283; x_wconf 84' lang='lat' dir='ltr'>suspicionem</span> <span class='ocrx_word' id='word_1_278' title='bbox 1515 2239 1566 2271; x_wconf 85' lang='lat' dir='ltr'>af·</span> 
     </span>
     <span class='ocr_line' id='line_1_35' title="bbox 53 2296 432 2329; baseline 0.003 -1"><span class='ocrx_word' id='word_1_279' title='bbox 53 2296 127 2328; x_wconf 86' lang='lat' dir='ltr'>fere</span> <span class='ocrx_word' id='word_1_280' title='bbox 152 2298 274 2329; x_wconf 88' lang='lat' dir='ltr'>tamen</span> <span class='ocrx_word' id='word_1_281' title='bbox 304 2296 432 2329; x_wconf 89' lang='lat' dir='ltr'>debeo.</span> 
     </span>
    </p>
   </div>
   <div class='ocr_carea' id='block_1_6' title="bbox 54 2411 1564 2934">
    <p class='ocr_par' dir='ltr' id='par_1_11' title="bbox 54 2411 1564 2934">
     <span class='ocr_line' id='line_1_36' title="bbox 54 2411 1563 2465; baseline 0.001 -15"><span class='ocrx_word' id='word_1_282' title='bbox 54 2411 91 2451; x_wconf 85' lang='lat'>9.</span> <span class='ocrx_word' id='word_1_283' title='bbox 121 2412 196 2451; x_wconf 74' lang='lat' dir='ltr'>RH.</span> <span class='ocrx_word' id='word_1_284' title='bbox 228 2426 427 2453; x_wconf 76' lang='lat' dir='ltr'>FLocoosA</span> <span class='ocrx_word' id='word_1_285' title='bbox 458 2414 566 2463; x_wconf 69' lang='lat' dir='ltr'>(Esp.</span> <span class='ocrx_word' id='word_1_286' title='bbox 599 2415 651 2452; x_wconf 75' lang='lat' dir='ltr'>Ic.</span> <span class='ocrx_word' id='word_1_287' title='bbox 685 2415 777 2453; x_wconf 63' lang='lat' dir='ltr'>Fue..</span> <span class='ocrx_word' id='word_1_288' title='bbox 808 2416 862 2452; x_wconf 88' lang='lat' dir='ltr'>II.</span> <span class='ocrx_word' id='word_1_289' title='bbox 886 2427 927 2462; x_wconf 69' lang='lat' dir='ltr'>p.</span> <span class='ocrx_word' id='word_1_290' title='bbox 957 2413 1027 2463; x_wconf 79' lang='lat'>42)</span> <span class='ocrx_word' id='word_1_291' title='bbox 1066 2414 1209 2453; x_wconf 88' lang='lat' dir='ltr'>fronde</span> <span class='ocrx_word' id='word_1_292' title='bbox 1251 2424 1478 2465; x_wconf 83' lang='lat' dir='ltr'>compressa</span> <span class='ocrx_word' id='word_1_293' title='bbox 1507 2414 1563 2452; x_wconf 86' lang='lat' dir='ltr'>al-</span> 
     </span>
     <span class='ocr_line' id='line_1_37' title="bbox 162 2481 1564 2535; baseline 0 -17"><span class='ocrx_word' id='word_1_294' title='bbox 162 2485 275 2519; x_wconf 87' lang='lat' dir='ltr'>terne</span> <span class='ocrx_word' id='word_1_295' title='bbox 304 2481 500 2533; x_wconf 87' lang='lat' dir='ltr'>pinnatim</span> <span class='ocrx_word' id='word_1_296' title='bbox 534 2483 823 2535; x_wconf 76' lang='lat' dir='ltr'>decomposita,</span> <span class='ocrx_word' id='word_1_297' title='bbox 854 2483 1018 2522; x_wconf 83' lang='lat' dir='ltr'>rachide</span> <span class='ocrx_word' id='word_1_298' title='bbox 1059 2481 1309 2527; x_wconf 84' lang='lat' dir='ltr'>nudiuscula,</span> <span class='ocrx_word' id='word_1_299' title='bbox 1339 2481 1474 2532; x_wconf 88' lang='lat' dir='ltr'>pinnis</span> <span class='ocrx_word' id='word_1_300' title='bbox 1504 2481 1564 2519; x_wconf 90' lang='lat' dir='ltr'>in-</span> 
     </span>
     <span class='ocr_line' id='line_1_38' title="bbox 162 2547 1563 2601; baseline 0.001 -16"><span class='ocrx_word' id='word_1_301' title='bbox 162 2547 377 2587; x_wconf 83' lang='lat' dir='ltr'>ferioribus</span> <span class='ocrx_word' id='word_1_302' title='bbox 409 2549 612 2588; x_wconf 87' lang='lat' dir='ltr'>sterilibus</span> <span class='ocrx_word' id='word_1_303' title='bbox 651 2550 878 2589; x_wconf 84' lang='lat' dir='ltr'>evidentius</span> <span class='ocrx_word' id='word_1_304' title='bbox 918 2549 1157 2601; x_wconf 87' lang='lat' dir='ltr'>compressis</span> <span class='ocrx_word' id='word_1_305' title='bbox 1187 2561 1210 2585; x_wconf 85' lang='lat' dir='ltr'>a</span> <span class='ocrx_word' id='word_1_306' title='bbox 1242 2547 1421 2598; x_wconf 78' lang='lat' dir='ltr'>margine</span> <span class='ocrx_word' id='word_1_307' title='bbox 1452 2548 1563 2586; x_wconf 85' lang='lat' dir='ltr'>disti-</span> 
     </span>
     <span class='ocr_line' id='line_1_39' title="bbox 165 2614 1563 2667; baseline 0.001 -16"><span class='ocrx_word' id='word_1_308' title='bbox 165 2614 238 2652; x_wconf 86' lang='lat' dir='ltr'>ehe</span> <span class='ocrx_word' id='word_1_309' title='bbox 278 2615 468 2667; x_wconf 82' lang='lat' dir='ltr'>pinnatis,</span> <span class='ocrx_word' id='word_1_310' title='bbox 511 2616 784 2667; x_wconf 87' lang='lat' dir='ltr'>superioribus</span> <span class='ocrx_word' id='word_1_311' title='bbox 828 2616 1027 2667; x_wconf 80' lang='lat' dir='ltr'>elongatis</span> <span class='ocrx_word' id='word_1_312' title='bbox 1068 2614 1337 2653; x_wconf 85' lang='lat' dir='ltr'>teretiuseulis</span> <span class='ocrx_word' id='word_1_313' title='bbox 1378 2614 1563 2665; x_wconf 83' lang='lat' dir='ltr'>pinnato-</span> 
     </span>
     <span class='ocr_line' id='line_1_40' title="bbox 163 2681 1564 2733; baseline 0.001 -15"><span class='ocrx_word' id='word_1_314' title='bbox 163 2681 345 2728; x_wconf 82' lang='lat' dir='ltr'>ramosis,</span> <span class='ocrx_word' id='word_1_315' title='bbox 368 2681 533 2720; x_wconf 86' lang='lat' dir='ltr'>ramulis</span> <span class='ocrx_word' id='word_1_316' title='bbox 550 2682 949 2733; x_wconf 87' lang='lat' dir='ltr'>subquoquoversum</span> <span class='ocrx_word' id='word_1_317' title='bbox 981 2681 1283 2732; x_wconf 80' lang='lat' dir='ltr'>divergentibus</span> <span class='ocrx_word' id='word_1_318' title='bbox 1313 2692 1564 2732; x_wconf 83' lang='lat' dir='ltr'>compresso-</span> 
     </span>
     <span class='ocr_line' id='line_1_41' title="bbox 165 2746 1561 2800; baseline 0 -15"><span class='ocrx_word' id='word_1_319' title='bbox 165 2747 371 2794; x_wconf 80' lang='lat' dir='ltr'>subulatis‚</span> <span class='ocrx_word' id='word_1_320' title='bbox 401 2747 551 2786; x_wconf 83' lang='lat' dir='ltr'>infimis</span> <span class='ocrx_word' id='word_1_321' title='bbox 583 2749 848 2795; x_wconf 78' lang='lat' dir='ltr'>subrecurvis,</span> <span class='ocrx_word' id='word_1_322' title='bbox 880 2747 1153 2800; x_wconf 88' lang='lat' dir='ltr'>superioribus</span> <span class='ocrx_word' id='word_1_323' title='bbox 1184 2746 1362 2784; x_wconf 87' lang='lat' dir='ltr'>ineurvis</span> <span class='ocrx_word' id='word_1_324' title='bbox 1404 2760 1448 2785; x_wconf 88' lang='lat' dir='ltr'>su</span> <span class='ocrx_word' id='word_1_325' title='bbox 1480 2747 1561 2785; x_wconf 87' lang='lat' dir='ltr'>-fa-</span> 
     </span>
     <span class='ocr_line' id='line_1_42' title="bbox 163 2812 1559 2867; baseline 0.001 -16"><span class='ocrx_word' id='word_1_326' title='bbox 163 2813 626 2867; x_wconf 78' lang='lat' dir='ltr'>seieulato-corymbosis</span> <span class='ocrx_word' id='word_1_327' title='bbox 677 2816 838 2854; x_wconf 89' lang='lat' dir='ltr'>demum</span> <span class='ocrx_word' id='word_1_328' title='bbox 891 2812 1282 2866; x_wconf 74' lang='lat' dir='ltr'>spliaerosporiferis,]</span> <span class='ocrx_word' id='word_1_329' title='bbox 1323 2813 1559 2853; x_wconf 85' lang='lat' dir='ltr'>keramidiis</span> 
     </span>
     <span class='ocr_line' id='line_1_43' title="bbox 167 2881 836 2934; baseline 0.001 -15"><span class='ocrx_word' id='word_1_330' title='bbox 167 2881 540 2934; x_wconf 82' lang='lat' dir='ltr'>obovato-globosis</span> <span class='ocrx_word' id='word_1_331' title='bbox 571 2881 836 2934; x_wconf 84' lang='lat' dir='ltr'>pedicellatis.</span> 
     </span>
    </p>
   </div>
  </div>
 </body>
</html>
