1728 3110
84 114 331 158 Laurencz‘a.
556 144 562 158 ,
733 114 961 158 Cucsnnuzffi.
1505 117 1531 156 7
1539 116 1598 158 59

84 248 116 280 in
144 245 252 278 H:biis
277 245 473 287 Tliunbergi
504 246 538 278 et
561 244 698 278 Acharii
725 245 904 280 Conservae
931 250 1142 295 seticulosac‚
1170 252 1204 284 in
1231 248 1396 284 Herbario
1421 247 1598 283 MertessSii

83 306 222 339 nomine
247 304 330 337 Fuci
357 305 535 346 caespitosi
563 304 784 338 denominata
812 304 959 339 suerunt.

84 467 118 504 6,
176 463 334 504 Fronde
377 464 497 504 tereti
542 466 615 504 aut
654 463 921 515 complanata
965 465 1137 506 distich&
1175 468 1354 517 pinnata
1397 463 1600 518 [rainulz's

82 533 246 584 sparsis
278 542 298 572 e
321 533 481 582 paqe'na
512 531 778 582 complanata
815 532 974 572 demum
1004 536 1048 572 at
1081 544 1180 572 raro
1204 533 1601 586 provenientibus),-

305 600 450 650 pz'miz's
481 598 809 649 subreyulariter
841 599 1016 640 alternis
1048 603 1120 640 aiil
1150 603 1361 651 oppositis.

62 677 114 710 ’θ’
143 677 299 721 Fromle
339 678 609 719 {meliuscula
646 681 719 717 (ιῑιῐ
755 689 1010 728 compressa,
1042 680 1172 719 ramis
1204 678 1423 730 sporz'feris
1456 679 1601 720 tuber-

616 745 770 786 culosz's
801 745 1062 797 bots-yoidez‘s.

84 873 142 911 49.
172 876 204 911 L.
235 881 449 910 cornminus
495 873 636 918 (Turn.
684 873 781 910 Hisc.
831 873 925 911 Fuc.
972 871 1040 910 III.
1088 884 1124 921 p.
1175 872 1267 918 404)
1313 884 1601 923 purpurascens,

187 940 324 978 fronde
356 941 595 978 teretiuscula
627 940 784 978 disticlie
823 941 1283 991 decomposito-pinnaia,
1314 939 1437 988 pinnis
1468 940 1505 977 in
1538 952 1601 977 ra-

190 1008 296 1045 cliide
322 1008 486 1045 flexuosa
513 1009 824 1057 supereminente
842 1009 994 1046 alternis
1012 1009 1239 1058 patentibus,
1258 1008 1421 1057 pinnulis
1439 1008 1600 1045 conico-

186 1076 417 1123 botryoideis
449 1076 604 1126 obtusis,
625 1077 827 1114 tuberculis
852 1077 1063 1114 rotundatis
1090 1076 1341 1113 verruculosis
1358 1075 1599 1112 circumcirca

189 1142 311 1179 effusis
342 1144 611 1194 constantibus,
643 1145 840 1194 sporiseris
872 1144 1134 1182 conformibus
1164 1144 1443 1192 spliaerosporas
1475 1143 1511 1180 in
1536 1146 1599 1180 tu-

188 1209 353 1248 berculis
384 1212 628 1250 circumcirca
660 1212 873 1249 nidulantes
905 1212 1134 1262 gerentibus,
1165 1209 1392 1248 keramidiis.
1425 1238 1432 1246 .
1463 1237 1471 1246 .

171 1286 284 1320 Fucus
311 1288 512 1330 botryoides
543 1287 647 1321 Turn.
674 1289 694 1321 l.
721 1299 750 1321 c.
778 1287 845 1321 tab.
874 1290 938 1321 ⁴73
965 1289 1163 1330 (eximiel).

171 1346 360 1379 Laurencia
387 1347 588 1389 botryoides
615 1344 716 1380 Gaill.
736 1356 805 1380 res,
828 1357 863 1390 p.
893 1348 945 1379 45.
971 1346 1075 1380 Sond.
1102 1346 1171 1390 Aly.
1198 1345 1327 1379 Preiss.
1350 1355 1383 1389 p.
1400 1344 1466 1377 32?
1492 1342 1599 1377 Harv.

78 1402 149 1447 Alq.
181 1401 289 1436 Tasm.
316 1413 350 1436 η.
378 1404 413 1436 31
445 1406 478 1437 et
503 1402 586 1437 Ner.
612 1406 725 1437 austr.
747 1415 782 1448 p.
809 1405 850 1436 82
879 1405 985 1445 (excl.
1012 1406 1056 1447 pl.
1082 1405 1246 1446 Capens.)

173 1462 343 1495 Chondria
369 1462 568 1505 botryoides
594 1462 651 1506 Ay.
677 1473 727 1506 sp.
749 1473 784 1506 p.
812 1463 891 1496 346!
919 1464 1025 1505 (excl.
1052 1466 1146 1506 syn.)
1170 1462 1259 1506 Sysc.
1287 1461 1356 1506 Aly.
1377 1472 1413 1506 p.
1441 1462 1518 1496 204.

187 1533 276 1571 Ilab.
308 1533 346 1570 in
377 1544 522 1571 oceano
553 1534 703 1571 australi
735 1534 779 1571 ad
813 1533 950 1571 insulas
982 1537 1074 1571 Kent
1105 1536 1160 1583 (R.
1192 1535 1384 1578 Brownl).

173 1610 300 1643 ”Radix
326 1610 454 1643 fibrosa
480 1619 605 1652 repens
633 1610 729 1643 fibris
754 1610 1013 1651 homogeneis.''
1065 1610 1172 1643 Frons
1199 1612 1359 1644 crassitie
1384 1620 1509 1654 pennae
1535 1621 1598 1645 co-

77 1669 254 1712 lumbinae,
295 1669 528 1712 6-pollicaris,
565 1668 636 1701 scre
675 1670 814 1702 omnino
849 1670 1074 1702 teretiuscula
1101 1673 1159 1703 aut
1184 1670 1360 1702 levissime
1387 1664 1607 1714 compressa,

79 1728 283 1769 regulariter
324 1727 601 1770 bi-tri—pinnata,
638 1727 778 1760 racliide
820 1728 909 1759 inter
946 1728 1069 1768 pinnas
1107 1728 1339 1770 pinnulasque
1373 1727 1540 1760 disticlias
1568 1731 1603 1760 et

79 1788 229 1819 alternas
266 1786 392 1818 eximie
425 1787 585 1827 patentes
619 1786 797 1818 evidenter
822 1787 992 1818 flexuosa.
1041 1785 1158 1819 Pinnae
1184 1787 1359 1829 primariae
1386 1786 1602 1828 2—3-polli-

80 1853 189 1886 cares,
217 1844 304 1877 3-4
330 1845 439 1877 lineas
474 1845 662 1887 distantes,
699 1844 843 1876 secundi
877 1845 1008 1877 ordinis
1034 1845 1220 1886 pollicares
1247 1847 1305 1877 aut
1329 1843 1519 1888 breviores,
1547 1845 1601 1877 in-

80 1904 224 1937 feriores
260 1903 335 1936 basi
376 1899 573 1946 denudatae,
613 1912 693 1935 mox
731 1903 886 1935 verrucis
914 1902 1124 1935 distantibus
1152 1902 1310 1935 distichis
1338 1902 1473 1945 obsitae,
1501 1904 1600 1945 apice

79 1964 236 1996 verrucis
263 1963 491 1995 circumcirca
519 1961 775 1994 confluentibus
802 1964 996 2003 coopertae3
1021 1962 1222 2003 superiores
1251 1962 1307 1993 vix
1323 1963 1381 1993 aut
1396 1960 1599 1992 brevissime

79 2020 266 2063 petiolatre,
293 2021 552 2052 ovato-conica&
579 2019 726 2062 obtusae,
759 2020 988 2052 circumcirca
1016 2019 1262 2062 verruculosae,
1290 2018 1399 2051 forma
1426 2027 1601 2051 racemum

80 2088 222 2112 uvarum
260 2078 465 2111 reserentes.
531 2076 691 2110 Verrucae
730 2078 855 2110 lineam
892 2078 1033 2110 circiter
1069 2077 1199 2120 longae,
1246 2079 1328 2110 totae
1365 2076 1600 2109 verruculosae

79 2138 343 2180 proeminentiis
380 2136 598 2169 brevissimis
634 2135 998 2179 subhemispuaericis,
1044 2145 1110 2168 una
1153 2144 1259 2178 supra
1297 2135 1440 2167 alteram
1477 2142 1601 2174 aggre-

80 2197 181 2236 gatis.
243 2195 278 2227 ln
314 2195 368 2228 his
408 2195 599 2227 verruculis
639 2178 915 2238 spliaerosporas,
954 2194 1042 2227 infra
1068 2196 1215 2227 stratum
1242 2193 1407 2226 corticale
1434 2192 1599 2233 evolutas,

81 2253 251 2294 triangule
291 2254 431 2296 divisas,
470 2253 549 2285 vidi.
610 2252 712 2285 Color
747 2252 1137 2295 livido-purpurasccns
1163 2253 1196 2285 in
1222 2252 1415 2285 violaceum
1442 2250 1599 2283 tendens.

81 2312 281 2345 Substantia
307 2312 405 2344 firma
431 2311 667 2351 cartilaginea.

173 2368 372 2411 Specimina
409 2368 588 2408 originalia
626 2368 774 2402 Brownii
813 2368 996 2410 descripsi.
1059 2368 1258 2402 Recentiori
1291 2371 1446 2412 tempore
1474 2370 1538 2402 alia
1565 2372 1599 2402 et

81 2430 219 2462 omnino
254 2427 392 2459 diversa
429 2427 548 2467 planta
587 2425 652 2458 sub
690 2427 828 2459 nomine
867 2426 902 2459 L.
938 2427 1138 2469 botryoides
1170 2428 1378 2469 venditatur,
1404 2429 1431 2460 si
1460 2428 1599 2469 quidem

80 2487 198 2528 planta
236 2487 269 2518 in
306 2483 455 2518 Nereide
492 2484 644 2517 australi
680 2485 857 2526 descripta
897 2485 1048 2517 identica
1075 2486 1121 2518 sit
1147 2495 1224 2518 cum
1251 2486 1317 2527 illa,
1345 2494 1446 2527 quam
1474 2494 1491 2517 e
1518 2486 1600 2528 Cap.

81 2544 114 2576 b.
152 2544 235 2586 Spei
273 2543 338 2575 sub
376 2543 516 2574 nomine
552 2541 586 2575 L.
624 2542 825 2584 botryoides
865 2543 945 2575 olim
983 2543 1063 2575 mibi
1091 2544 1185 2575 misit
1209 2542 1352 2585 Harvey.
1402 2542 1482 2574 Haec
1508 2544 1599 2575 enim

82 2602 223 2634 ramulis
250 2601 357 2633 dense
384 2600 564 2641 dispositis
591 2601 813 2642 longinquam
829 2603 961 2634 tantum
976 2601 1239 2633 similitudinem
1256 2609 1334 2632 cum
1348 2600 1465 2641 planta
1480 2601 1599 2633 Brow-

82 2661 183 2693 niana
220 2659 341 2700 habet3
378 2658 575 2690 accuratius
614 2660 811 2692 examinata
843 2660 877 2691 in
912 2659 1072 2692 omnibns
1099 2658 1171 2691 sere
1200 2658 1325 2700 differt,
1352 2660 1386 2690 et
1412 2668 1529 2692 revera
1556 2660 1599 2692 ad

81 2718 115 2751 L.
143 2718 303 2750 obtusam
330 2717 435 2749 multo
463 2717 572 2756 magis
599 2717 749 2749 accedit.
806 2716 840 2749 lu
867 2717 1104 2758 descriptione
1131 2716 1329 2757 Ilarveyana
1355 2715 1460 2757 (Ner.
1487 2720 1598 2751 aitslr.

76 2787 111 2819 p.
153 2777 214 2817 82)
254 2775 337 2807 nihil
376 2783 456 2806 vero
492 2773 603 2816 video,
641 2775 733 2816 quod
773 2776 805 2807 in
843 2776 996 2816 plantam
1033 2774 1226 2816 Capensem
1264 2775 1422 2816 quadrat.
1472 2776 1598 2809 Contra

82 2835 289 2877 Turnerurn,
337 2833 393 2875 qui
433 2834 599 2865 caetcrum
637 2832 734 2864 dedit
771 2832 1043 2873 descriptionem
1080 2831 1208 2871 plantae
1246 2831 1406 2864 omnibus
1444 2836 1596 2867 numeris

83 2892 288 2936 absolutam,
322 2889 597 2924 animadvertere
628 2889 739 2923 debeo
775 2889 931 2922 frondem
958 2898 1036 2922 esse
1064 2888 1135 2921 fere
1162 2890 1433 2934 teretiusculam,
1460 2893 1497 2924 ut
1523 2902 1598 2925 ma-
