1728 3110
137 98 159 138 8
170 97 192 138 3
202 96 226 137 2
752 93 1033 136 Rnonofflm.
1379 99 1646 142 Rhodomela.

131 227 255 258 fructu
282 224 626 268 splieerosporarum
646 225 788 267 ignoto.
827 224 974 268 Harvey
1000 226 1037 257 in
1065 224 1221 256 Nereide
1238 224 1403 267 Speciem
1430 225 1508 257 sine
1534 225 1649 257 dubio

131 293 307 327 expresso
335 282 575 316 Rhodomelae
606 282 808 325 subjungit.
842 282 930 316 Mihi
957 283 1104 316 nullum
1131 283 1314 326 specimen
1336 283 1462 315 videre
1481 284 1649 325 contigit.

129 343 256 375 Icones
283 341 378 374 datae
406 343 562 374 invicem
591 351 663 374 non
692 343 831 385 optime
859 352 1043 385 congruae.
1071 342 1263 375 Structura
1287 343 1412 384 potius
1427 340 1649 385 Polysipho-

129 401 197 433 niae
225 410 337 443 quam
362 399 603 432 Rhodomelae
629 401 770 443 species
792 400 984 433 videretur
1010 410 1057 432 ex
1082 401 1188 432 icone
1214 401 1250 432 in
1277 400 1362 432 Ner.
1389 400 1518 433 Austr.
1545 399 1649 442 data3

128 458 342 491 Keramidia
368 469 518 502 quoque
544 458 613 491 hoc
639 458 721 492 loco
747 459 792 491 ad
819 460 940 502 apices
966 458 1198 491 ramulorum
1225 462 1425 501 aggregata
1440 459 1649 502 depingun-

129 522 202 551 tur.
257 519 298 551 In
326 517 593 561 Cryptogamia
629 520 832 551 antarctica
870 521 1058 551 structura
1097 519 1174 550 fere
1211 517 1451 551 Rhodomelae
1478 521 1649 561 apparet3

128 577 334 609 keramidia
360 587 465 610 secus
494 587 617 610 ramos
644 577 931 620 subgeminatim
961 577 1152 619 disposita.
1202 576 1335 608 Utrum
1369 575 1423 608 hae
1450 577 1524 608 sint
1550 575 1650 608 diffe-

127 637 255 668 rentiae
282 637 410 676 aetatis,
437 646 483 669 an
510 637 650 669 incuria
688 636 846 679 quadam
873 635 1068 679 pendeant,
1103 634 1193 667 mihi
1219 645 1293 667 non
1320 634 1407 666 licet
1432 633 1648 676 dijudicare.

128 695 297 738 Speciem
326 695 482 728 ducente
508 695 679 737 Harveyo
706 695 750 727 ad
778 693 1047 727 Rhodomelam
1086 694 1225 726 referre
1263 692 1394 734 debui3
1424 702 1444 724 a
1469 691 1537 725 Rh.
1565 692 1649 727 Gai-

127 753 247 786 mardi
272 754 353 796 Ag„
384 753 486 796 cujus
513 754 665 787 omnino
692 756 748 786 est
787 752 937 786 habitus
964 753 1092 796 planta
1125 752 1280 796 depicta,
1307 750 1527 795 siphonibus
1552 753 1650 795 peri-

127 812 354 846 centralibus
381 812 399 844 7
427 812 690 855 distinguatur.

127 930 162 968 5.
195 927 302 967 Ra?
333 941 623 967 BOTRYOCARPA
665 928 799 977 (Hook.
830 931 865 965 et
891 928 1013 965 Harr.
1061 926 1190 975 Crypt.
1221 929 1298 964 awt.
1321 939 1361 974 20·
1392 925 1462 973 697)
1506 925 1650 964 fronde

236 995 496 1034 teretiuscula
528 995 707 1033 tiliformi
733 992 1341 1033 subdichotomo-1·amosissima
1358 991 1649 1044 decomposita,

236 1062 358 1100 ramis
389 1061 679 1113 subfastigiatis
711 1061 1114 1112 erecto-patentiluis‚
1156 1059 1321 1097 ramulis
1369 1059 1516 1097 sensim
1549 1062 1649 1096 atte-

235 1129 380 1174 nuatis,
411 1128 563 1166 ultimis
593 1127 828 1171 articulatis,
861 1127 1096 1165 kei-amidiis
1127 1125 1470 1164 numerosissimis
1507 1136 1649 1176 aggre-

237 1196 341 1248 gatis
373 1196 502 1234 ovatis
534 1195 771 1235 brevissime
803 1195 1072 1247 pedicellatis‚
1103 1194 1302 1232 stichidiis
1333 1192 1556 1232 lancoideis
1588 1204 1648 1230 se-

236 1262 435 1309 cundatis,
467 1262 705 1315 siphonibus
738 1262 1075 1314 pericentralibus
1106 1260 1142 1300 7.

219 1342 487 1386 Polysiphonia
526 1343 773 1384 litui-yocarpa
809 1340 926 1373 Hook.
965 1343 998 1374 et
1022 1339 1141 1373 Harv.
1168 1339 1190 1372 l.
1216 1349 1245 1372 c.
1274 1338 1345 1373 tab.
1371 1337 1506 1372 LXX!
1529 1337 1648 1371 Harv.

124 1401 213 1436 Ner.
242 1401 372 1434 Austr.
394 1410 435 1443 p.
462 1401 517 1434 57.
544 1399 656 1433 Krete.
683 1399 747 1442 Sp.
769 1410 809 1442 p.
838 1401 919 1433 829!

219 1460 449 1494 Rhodomela
494 1460 683 1493 Gaium-di
722 1458 840 1492 Mont.
887 1457 971 1501 Voy.
1010 1457 1088 1490 Pol.
1128 1456 1219 1491 Sud.
1259 1455 1385 1499 Crypt.
1405 1465 1444 1498 10.
1472 1456 1539 1488 140
1563 1458 1647 1497 (nec

130 1519 198 1562 Ay.
226 1529 292 1551 nec
319 1516 435 1550 Hook.
464 1519 497 1550 et
520 1516 658 1560 Har-0.)
686 1528 755 1550 sec.
782 1515 898 1549 Hoolc.
927 1519 961 1549 et
984 1515 1103 1549 Harv.

234 1601 336 1641 Hab.
368 1602 417 1641 ad
449 1601 651 1640 Akaroam
684 1604 723 1638 et
753 1599 909 1637 Insulas
940 1598 1155 1636 Auckland
1186 1595 1424 1645 (D'Urville‚
1447 1595 1645 1642 Hooker).

220 1693 345 1727 Caulis
370 1692 485 1725 8-14
513 1693 638 1725 uncias
665 1691 811 1734 longus,
839 1690 916 1722 basi
947 1689 986 1732 ¹s2
1014 1690 1077 1722 lin.
1105 1689 1298 1728 diametro,
1326 1698 1474 1720 sursum
1501 1690 1647 1720 attenu-

124 1756 218 1793 atus,
245 1752 510 1793 cartilagineus
536 1760 683 1792 opacus,
710 1750 812 1781 venis
839 1746 1205 1781 anastomosautibus
1233 1744 1460 1784 reticulatus,
1486 1745 1646 1777 alterna-

125 1813 193 1844 tim
219 1811 420 1849 ssexuosus‚
448 1808 679 1851 subsimplex
706 1807 764 1839 vel
792 1818 809 1838 e
836 1807 915 1838 basi
944 1816 1051 1849 parce
1079 1806 1231 1838 divisus.
1258 1804 1364 1837 Rami
1390 1803 1534 1842 alterni,
1561 1813 1646 1835 con-

125 1870 262 1903 formes
298 1867 641 1910 circumscriptione
683 1866 755 1898 late
795 1866 904 1903 ovati,
942 1864 1024 1908 plus
1065 1865 1188 1895 minus
1221 1862 1477 1905 decompositi,
1504 1861 1645 1893 alterne

125 1929 185 1961 vel
216 1927 378 1960 secunde
404 1926 542 1970 partiti,
568 1936 641 1957 non
668 1935 753 1956 vere
780 1923 997 1956 dichotomi.
1024 1922 1173 1955 Hamuli
1199 1921 1323 1954 ultimi
1348 1921 1484 1954 alterni
1516 1920 1574 1952 vel
1590 1920 1644 1952 di-

125 1987 290 2020 chotomi
317 1984 492 2023 subulam,
519 1984 631 2016 erecti
659 1983 716 2015 vel
744 1984 1067 2025 erecto-patentes,
1095 1980 1282 2024 simplices
1296 1980 1493 2019 articulati,
1507 1980 1644 2012 articu-

124 2046 171 2078 lis
201 2045 292 2077 4—5
320 2045 473 2085 striatis,
500 2043 682 2075 diametro
708 2041 925 2085 aequalibus.
974 2040 1153 2083 Siphones
1185 2041 1221 2072 in
1254 2040 1365 2072 ramis
1396 2038 1599 2080 majoribus
1625 2037 1644 2068 7

126 2104 303 2137 tubulum
330 2101 531 2135 centralem
558 2103 758 2143 angustum
785 2101 984 2142 cingentes,
1011 2098 1157 2131 cellulis
1177 2097 1459 2140 irregularibus,
1474 2095 1644 2139 periphe-

125 2164 217 2195 riam
244 2170 371 2194 versus
394 2161 531 2192 sensim
559 2158 777 2197 minoribus,
804 2157 1034 2189 circumdati.
1083 2156 1196 2189 Color
1221 2155 1534 2188 atro-rubescens,
1571 2153 1644 2185 Ke-

125 2220 285 2254 ramidia
311 2219 560 2252 minutissima
586 2220 702 2256 ovata,
728 2217 765 2248 in
793 2215 1023 2259 glomerulos
1050 2214 1264 2247 terminales
1291 2216 1354 2246 aut
1379 2212 1555 2246 axillares
1580 2222 1643 2254 ag-

127 2281 292 2322 gregata,
308 2279 345 2310 in
372 2287 522 2321 quoque
549 2274 760 2318 glomerulo
788 2274 1094 2307 numerosissima
1120 2272 1351 2316 pedicellata,
1367 2281 1560 2315 sperarum
1576 2281 1642 2313 py-

124 2338 334 2371 riformium
361 2334 580 2368 fasciculum
616 2333 857 2366 includentia.
906 2331 1084 2365 Stichidia
1120 2331 1273 2364 ramulis
1310 2330 1451 2363 ultimis
1477 2329 1642 2361 seriatim

125 2396 246 2435 affixa,
270 2392 549 2431 remotiuscula‚
589 2391 865 2435 spheerosporas
903 2390 1126 2432 majusculas
1163 2388 1358 2431 angulatas
1384 2387 1640 2430 pluriseriatas

124 2453 366 2487 includentia.
417 2451 561 2485 Chartae
588 2450 671 2482 laxe
697 2449 872 2482 adhaeret.

218 2511 350 2545 Habitu
380 2513 415 2542 et
440 2509 707 2542 ramificatione
733 2507 798 2541 Rh.
827 2507 1039 2540 subfuscam
1077 2506 1244 2539 aemulari
1281 2505 1426 2543 dicitur,
1451 2505 1641 2536 structura

125 2570 209 2603 alia.

216 2629 272 2661 Ita
296 2628 373 2660 fere
399 2628 581 2665 auctores,
609 2625 674 2669 qui
700 2624 870 2667 speciem,
903 2627 1082 2667 sequent-e
1106 2622 1319 2664 Kutzingio,
1344 2620 1387 2653 ad
1418 2618 1640 2662 Polysipho-

126 2687 224 2719 niam
250 2687 426 2719 referunt.
476 2685 577 2718 Licet
604 2683 694 2716 mihi
720 2693 795 2715 non
820 2683 891 2714 nisi
917 2681 1230 2725 descriptionibus
1257 2683 1292 2712 et
1320 2680 1424 2711 icone
1456 2678 1541 2710 data
1570 2676 1639 2709 hu-

126 2755 265 2788 cusque
292 2745 442 2786 cognita
468 2744 525 2783 sit,
556 2746 677 2775 tamen
716 2741 832 2774 fidens
870 2739 1146 2773 characteribus
1184 2739 1280 2771 datis
1317 2747 1391 2770 non
1417 2737 1523 2779 potui
1548 2736 1639 2779 quin

126 2802 171 2834 ad
196 2801 468 2835 Rhodomelam
495 2801 654 2844 speciem
681 2800 931 2832 transferrem.
970 2797 1241 2841 Sphaerosporae
1267 2795 1514 2840 pluriseriatae
1540 2793 1638 2826 Rho-

127 2859 311 2892 domelam
337 2860 609 2896 demonstrantg
638 2860 827 2891 structura
859 2856 986 2889 eadem
1013 2867 1095 2899 quae
1125 2854 1193 2888 Rh.
1227 2863 1392 2892 comosae,
1423 2850 1639 2884 Keramidia
