1728 3110
163 143 255 184 730
797 138 1027 182 CHONnmssAE.
1398 138 1683 186 Lomentaria.

253 271 398 314 Species
437 269 480 303 ad
519 269 554 301 L.
592 268 816 302 Kalisormem
855 272 950 302 arcte
989 269 1173 313 accedens,
1201 268 1262 302 sed
1301 270 1459 312 pluribus
1486 275 1521 306 et
1546 275 1683 308 eximiis

159 332 250 365 notis
285 330 460 362 distincta.
517 327 690 361 Differunt
716 327 824 360 forma
853 329 1005 368 generali
1032 328 1176 372 frondis,
1203 328 1428 363 articulorum
1454 331 1681 377 longitudine,

160 393 194 422 et
221 389 329 421 forma
354 388 547 420 ker-amidii.

251 447 396 480 Nomine
421 445 604 478 Chondriae
632 446 793 488 implexae
819 444 909 478 hanc
935 446 1089 487 speciem
1117 446 1210 478 misit
1233 445 1404 488 Chauvin3
1438 447 1590 481 Eandem
1617 458 1682 482 no-

159 507 250 539 mine
276 505 506 538 Lomentariae
532 505 731 537 intertextae
759 503 890 536 Cleauv.
916 512 934 536 a
960 502 1060 546 Duby
1085 502 1184 545 (Boc.
1212 502 1298 537 Gall.
1320 514 1354 548 p.
1382 507 1465 547 950)
1488 508 1522 538 et
1535 505 1682 546 Kutzing

159 563 235 607 (Sp.
262 563 330 607 Alq.
351 574 388 606 p.
415 561 498 603 864)
526 561 738 603 descriptam
766 561 875 594 fuisse
901 562 1074 604 suspicor.

160 667 193 704 4.
227 670 258 705 L.
290 676 423 705 Affinis
457 666 594 712 (Hook.
627 669 665 702 et
696 665 814 703 Harv.
847 664 926 712 Alq.
962 665 1085 701 Tasm.
1117 676 1153 703 η.
1187 666 1255 714 44)
1284 667 1419 704 fronde
1438 667 1677 716 paniculatim

269 747 415 773 ramosa
448 734 601 772 ramulis
633 734 668 771 in
702 734 807 771 caule
840 733 1021 782 primario
1053 734 1228 773 tubuloso
1261 735 1581 784 subinconspicue
1613 746 1679 772 ar-

268 803 421 839 ticulato
461 801 645 850 oppositis
685 800 913 838 verticillatis
951 804 1014 837 aut
1044 801 1196 839 alternis
1227 801 1681 851 articulato-constrictis,

265 869 429 906 articulis
469 867 645 916 utrinque
686 867 867 904 truncatis
907 867 1093 905 diametro
1125 867 1375 919 brevioribus,
1406 869 1680 918 spliaerosporis

264 947 333 985 per
363 934 528 973 ramulos
561 934 712 984 sparsis,
743 934 959 972 keramidiis
991 935 1107 972 ovalis
1137 935 1181 972 ad
1215 937 1380 973 ramulos
1411 936 1615 974 sessilibus.

246 1012 467 1055 Chylocladia
494 1010 607 1044 afiinis
634 1010 740 1044 Hoolt.
768 1012 801 1043 ec
827 1009 932 1043 Harv.
960 1010 981 1044 l.
1011 1021 1041 1044 c.
1075 1011 1111 1044 in
1137 1010 1243 1045 Hoolc.
1269 1010 1379 1046 Lond.
1405 1012 1534 1047 Journ.
1569 1011 1622 1046 VI.
1644 1022 1678 1056 p.

154 1071 230 1105 402.
257 1070 364 1104 Harv.
391 1069 476 1104 Ner.
501 1072 615 1103 austr.
636 1080 672 1112 p.
700 1070 741 1101 79
768 1068 835 1102 tab.
862 1068 1002 1102 XXIXJ!

248 1129 464 1162 Lomentaria
491 1129 604 1162 affinis
629 1128 728 1161 Kritz..
756 1137 806 1171 sp.
827 1138 862 1171 p.
891 1129 971 1161 863!

247 1188 528 1221 ‹Jastroclonium
555 1188 656 1220 affine
683 1186 785 1220 KzZCz.
811 1197 862 1231 sp.
884 1198 919 1230 p.
947 1189 1030 1221 8661

247 1245 468 1288 Cliylocladia
491 1245 689 1278 Kalisormis
722 1244 830 1279 Harl).
855 1246 892 1279 in
918 1244 1027 1280 Lond.
1053 1245 1180 1280 Journ.
1207 1245 1274 1280 III.
1295 1257 1329 1291 p.
1356 1247 1422 1281 444
1449 1247 1555 1289 (excl.
1583 1248 1677 1290 syn.)

264 1317 350 1356 Hal).
384 1316 427 1354 ad
461 1328 546 1354 oras
576 1316 781 1354 Tasmaniae
813 1317 990 1364 (Gunnl).

246 1393 400 1427 Frondes
427 1393 750 1435 G—AQ-pollicares
776 1393 938 1426 crassitie
964 1392 1037 1425 sere
1063 1402 1188 1435 pennae
1216 1395 1378 1437 corvinae,
1400 1396 1499 1428 caule
1512 1397 1677 1438 primario

154 1457 272 1487 erecto
312 1454 471 1496 indiviso,
511 1454 616 1485 ramis
653 1454 850 1485 numerosis
888 1453 1145 1493 patentissimis
1187 1452 1360 1493 elongatis
1398 1453 1525 1487 obsito.
1582 1455 1677 1488 Rami

154 1513 318 1554 elongati,
355 1511 538 1544 inferiores
573 1511 707 1543 caulem
742 1510 814 1543 fere
848 1511 1066 1551 longitudine
1101 1513 1293 1555 aequantes,
1320 1514 1521 1554 superiores
1547 1516 1677 1547 sensim

155 1571 332 1603 breviores
358 1571 533 1611 patentes.
589 1568 721 1602 Ramuli
748 1570 927 1602 breviores
953 1570 1132 1610 simplices
1160 1572 1219 1602 aut
1243 1579 1306 1602 suo
1334 1571 1455 1603 ordine
1482 1573 1679 1614 compositi,

154 1629 316 1671 utrinque
354 1637 477 1669 parum
514 1628 681 1660 attenuati
725 1627 859 1670 obtusi,
900 1627 1296 1669 aliquandoiincurvati
1336 1630 1471 1662 cirrosi.
1534 1631 1676 1662 Articuli

156 1687 225 1719 lere
262 1686 418 1728 ejusdem
452 1684 581 1727 ubique
607 1685 848 1728 longitudinis,
876 1685 1045 1717 diametro
1077 1685 1231 1727 aequales
1258 1687 1317 1718 aut
1340 1685 1532 1728 breviores,
1559 1688 1593 1719 in
1620 1696 1678 1720 ra-

154 1746 256 1777 mulis
294 1745 470 1786 ramisque
507 1744 698 1786 perspicui,
741 1752 807 1776 nec
846 1745 879 1776 in
917 1744 1016 1776 caule
1055 1744 1194 1776 omnino
1222 1742 1382 1787 obsoleti,
1409 1746 1442 1777 in
1470 1745 1585 1778 medio
1612 1745 1678 1777 ali-

155 1805 359 1847 quantulum
400 1804 608 1845 ventricosi,
653 1804 815 1844 utrinque
853 1803 1023 1846 truncati,
1070 1802 1221 1834 ramulos
1258 1802 1432 1835 torulosos
1478 1802 1677 1835 reddentes.

155 1862 352 1896 Keramidia
392 1862 425 1902 (3
465 1871 520 1894 me
559 1870 627 1894 non
667 1863 757 1900 visa)
785 1862 1035 1894 ovato-conica
1060 1862 1231 1904 truncata,
1259 1860 1465 1893 diametrum
1493 1861 1615 1893 ramuli
1643 1862 1676 1893 in

154 1930 222 1963 quo
255 1921 408 1953 insident
441 1921 627 1962 aequantia,
661 1927 679 1951 a
713 1919 867 1962 Harveyo
900 1921 1101 1961 pinguntur.
1151 1918 1415 1961 Sphaerosporffl
1441 1920 1530 1960 (sec.
1556 1918 1676 1958 Harv.)

155 1980 187 2010 iu
214 1977 356 2010 ramulis
383 1986 527 2021 sparsae,
554 1978 725 2018 triangule
752 1978 885 2011 divisae.
937 1978 1072 2010 Chartae
1100 1980 1196 2010 arcte
1222 1977 1386 2011 adhaeret.
1414 1977 1515 2010 Color
1529 1985 1677 2011 carneo-

154 2043 426 2078 purpurascens.

248 2094 393 2136 Species
422 2092 579 2137 pulchra,
606 2102 683 2135 quae
711 2102 790 2126 cum
816 2093 1054 2134 magnitudine
1079 2093 1114 2126 L.
1140 2092 1338 2126 Kalisormis
1354 2093 1575 2127 characteres
1589 2102 1676 2127 con-

151 2154 266 2195 jungit
290 2153 325 2185 L.
351 2152 517 2194 parvulae.
542 2151 686 2184 Duobus
712 2152 799 2184 locis
826 2152 900 2184 haec
927 2152 1065 2194 species
1092 2161 1110 2184 a
1135 2151 1318 2192 Kiitzingio
1334 2154 1676 2195 enumeratur3inter

156 2212 392 2244 Lomentarias
418 2218 543 2251 nempe
570 2210 749 2251 specimen
775 2218 793 2241 a
821 2209 979 2242 Hookero
1011 2210 1157 2242 missum
1189 2210 1372 2252 describit,
1406 2210 1555 2243 subinde
1586 2211 1676 2243 inter

157 2269 407 2311 Gastroclonia,
436 2269 503 2301 sub
531 2269 655 2301 eodem
680 2270 819 2301 nomine
853 2268 1031 2311 specifico,
1063 2268 1192 2309 plantae
1227 2269 1293 2301 sibi
1326 2270 1455 2309 ignotae
1481 2269 1514 2311 [l]
1542 2269 1675 2302 descri-

155 2329 321 2371 ptionem,
349 2336 392 2359 ex
416 2326 627 2360 Auctoribus
654 2328 770 2360 citatis
796 2327 1072 2370 transscriptam,
1100 2326 1211 2359 affert.

158 2432 193 2471 ὅ.
223 2435 256 2469 L.
287 2440 419 2468 ΖΟΝΑΤΑ
453 2429 508 2475 (J.
547 2431 611 2478 Ay.
656 2433 793 2477 mser.)
837 2429 971 2468 fronde
1002 2429 1244 2478 paniculatim
1276 2440 1423 2467 ramosa
1455 2429 1605 2466 ramulis
1637 2428 1673 2466 in

266 2498 371 2536 caule
401 2498 582 2547 primario
614 2499 790 2536 tubuloso
821 2497 1141 2545 subinconspicue
1171 2497 1366 2534 articulato
1384 2496 1569 2546 oppositis
1586 2506 1675 2533 ver-

266 2566 424 2604 ticillatis
455 2569 517 2602 aut
545 2566 698 2603 alternis
729 2564 1178 2614 articulato-constrictis,
1216 2564 1382 2601 articulis
1411 2563 1674 2611 subcylindra-

267 2635 343 2671 ceis
383 2633 569 2670 diametro
613 2633 861 2683 brevioribus,
898 2631 1167 2681 sphaerosporis
1198 2643 1311 2668 zonas
1341 2631 1605 2668 transversales
1636 2630 1672 2667 in

267 2700 415 2738 ramulo
459 2701 637 2749 plurimas
682 2699 951 2750 formantibus,
995 2699 1210 2736 keramidiis
1257 2699 1373 2736 ovatis
1417 2698 1462 2750 ad
1508 2698 1672 2735 ramulos

265 2768 468 2807 sessilibus.

267 2846 353 2883 Hal).
396 2846 440 2884 ad
486 2846 722 2885 Gracilariam
773 2845 905 2883 duram
949 2845 1166 2895 parasitica,
1219 2845 1256 2882 in
1301 2843 1378 2882 oris
1423 2843 1671 2883 llindostaniae

157 2913 348 2961 (Wiglitl).
