1728 3110
160 146 176 185 1
189 146 212 186 Ο
224 146 247 186 9
257 146 280 186 ti
782 142 1065 185 Rnonomfflffl.
1427 144 1676 200 Kiitzinyia.

152 274 281 311 Frons
312 274 567 325 complanata
598 272 797 324 pinnatim
838 272 1118 324 decomposita
1148 277 1189 311 et
1217 273 1583 325 ludificationibus
1614 286 1677 310 ra-

260 353 374 379 mosa.
414 344 564 378 eost-ata
607 339 842 386 subavenia,
881 340 996 391 apice
1034 340 1281 379 subrecurvo
1321 340 1577 386 increscens,
1610 340 1678 378 ho-

262 407 514 446 rizontaliter
560 411 722 452 zonata,
773 420 923 458 nempe
964 406 1123 444 cellulis
1161 407 1422 446 interioribus
1461 407 1680 457 majoribus

264 487 337 527 per
376 474 536 512 unicam
579 474 724 512 seriem
766 474 898 512 frondi
939 473 1175 525 parallelam
1209 474 1415 525 dispositis
1446 474 1681 525 reetangule

265 542 487 593 tetragonis
534 554 654 579 zonas
693 554 713 578 a
753 547 864 579 costa
910 540 1216 579 horizontaliter
1261 540 1517 591 egredientes
1556 553 1680 592 oppo-

265 610 361 648 sitas
400 608 668 647 formantibus
707 612 914 653 contexta,
954 607 1160 646 corticata.
1233 607 1424 645 Stichidia
1461 620 1484 645 a
1520 619 1681 659 proces-

265 678 387 716 subus
424 677 529 714 intra
566 675 789 727 marginem
833 675 931 713 ortis
970 679 1038 712 aut
1081 687 1197 712 secus
1228 674 1446 712 interstitia.
1477 687 1681 719 zonarum,

266 746 428 784 demum
473 756 597 781 venas
643 742 943 790 constituentia,
990 741 1251 779 transversim
1288 740 1450 779 seriatis
1491 740 1682 778 transfor-

267 817 391 858 mata,.
418 810 575 862 singula
608 814 648 848 et
678 809 970 861 subsimpliffla,
1009 808 1280 859 complanata,
1312 806 1684 858 oblongo-linearia

268 881 448 924 incurva,
488 878 791 930 sphaerosporas
834 876 1035 927 triangule
1073 875 1237 921 divisas,
1277 874 1429 926 duplici
1461 873 1565 912 serie
1596 873 1682 912 lon-

266 945 553 999 longitudinali
586 944 802 996 dispositas
835 942 1027 981 foventia.
1086 942 1320 979 Kercmzidm
1352 970 1360 979 .
1393 971 1402 979 .
1435 970 1443 978 .

268 1026 451 1063 Frondes
483 1023 682 1075 pinnatim
715 1021 1007 1073 decompositae
1038 1020 1160 1058 ramis
1191 1021 1481 1073 suboppositis‚
1509 1023 1578 1058 aut
1592 1033 1683 1071 pro-

158 1091 447 1131 lifieationibus
491 1103 595 1141 vage
640 1102 831 1133 ramosae‚
877 1088 1036 1126 inferne
1083 1088 1359 1125 caulescentes
1397 1086 1682 1132 terethrsculae,

156 1172 330 1211 superne
376 1158 549 1196 lineares
582 1157 871 1207 miniplanatze,
917 1155 1270 1206 subintegerrimae
1308 1158 1376 1192 aut
1414 1159 1591 1199 serratae,
1632 1167 1684 1191 ex

156 1226 335 1278 ancipite
373 1226 505 1277 plante
544 1229 612 1262 aut
649 1223 943 1269 canaliculatae,
975 1227 1015 1260 et
1045 1222 1295 1273 marginibus
1327 1222 1535 1267 revolutas,
1569 1220 1685 1273 apice

157 1295 301 1333 obtuso
340 1292 602 1331 subrevoluto
643 1291 930 1328 increscentes.
994 1289 1115 1328 Costa
1158 1289 1349 1327 immersa
1379 1289 1563 1327 frondem
1596 1300 1684 1339 per-

157 1360 302 1406 currit:
343 1360 503 1398 inferne
542 1359 688 1397 sensim
724 1358 959 1396 evolutione
991 1357 1103 1395 strati
1136 1356 1341 1395 oorticalis
1375 1356 1562 1406 utrinque
1593 1368 1683 1407 pro-

158 1428 324 1474 minula,
368 1428 530 1466 demum
571 1427 611 1464 in
652 1426 845 1478 stipitem,
878 1425 995 1463 initio
1028 1424 1261 1475 ancipitem,
1293 1423 1470 1473 denique
1500 1422 1685 1460 teretius-

158 1496 307 1542 culum,
339 1498 617 1534 transmutata.
657 1493 786 1531 Venae
820 1492 1111 1530 transversales
1142 1491 1259 1529 initio
1292 1490 1437 1537 nullze2
1468 1489 1685 1527 interstitia.

160 1567 294 1601 autem
330 1575 518 1601 zonarum
553 1561 760 1606 nonnulla,
793 1572 939 1611 nempe
972 1558 1195 1607 interjectis
1225 1570 1298 1609 pro
1330 1556 1564 1595 diversitate
1596 1570 1684 1608 spe-

159 1631 310 1669 cierum
357 1629 617 1682 paucioribus
663 1633 729 1666 aut
770 1628 951 1679 pluribus
991 1626 1102 1665 zonis
1141 1626 1360 1671 sterilibus,
1403 1625 1553 1662 sensim
1586 1624 1684 1662 vali-

159 1699 273 1737 diora
311 1698 556 1746 demumque
595 1695 747 1733 fructus
786 1694 1037 1745 generantia,
1076 1705 1200 1730 venas
1230 1691 1411 1729 referunt
1441 1704 1461 1727 a
1493 1695 1604 1729 costa
1634 1691 1681 1729 ad

160 1765 382 1817 marginem
425 1763 749 1801 transversaliter
788 1765 1051 1799 excurrentes
1083 1764 1122 1797 et
1152 1758 1372 1811 oppositas.
1433 1758 1559 1796 Zonae
1590 1770 1683 1795 ean-

160 1833 251 1870 dem
283 1835 575 1883 persequentes
607 1829 888 1874 directionem,
930 1841 952 1865 a
983 1832 1094 1865 costa
1124 1827 1172 1864 ad
1205 1825 1428 1876 marginem
1461 1824 1547 1862 fere
1578 1825 1683 1864 hori-

160 1899 338 1938 zontales
371 1902 605 1942 excurrunt,
639 1901 809 1946 utroque
842 1896 968 1933 latere
998 1899 1123 1932 eostae
1149 1893 1368 1945 oppositae3
1402 1906 1514 1931 zon-<e
1538 1891 1684 1930 areolis

160 1964 586 2015 subrectangularibus
617 1988 671 1992 ψ
701 1975 848 2014 nempe
895 1961 1056 1999 cellulis
1101 1960 1362 1999 interioribus
1403 1959 1683 1997 translucenti-

160 2033 234 2071 bus
267 2057 317 2059 ν
348 2035 511 2070 notatae.
557 2030 762 2081 Margines
794 2034 887 2067 sunt
916 2033 984 2066 aut
1014 2028 1124 2079 plani
1157 2031 1223 2065 aut
1255 2026 1466 2064 evidenter
1497 2025 1683 2071 revoluti,

162 2110 268 2136 nunc
305 2097 557 2148 integerrimi
601 2100 665 2133 aut
707 2096 776 2133 vix
814 2095 982 2140 crenati,
1014 2106 1121 2132 nunc
1152 2093 1307 2139 serrati,
1339 2093 1527 2131 dentibus
1559 2104 1683 2143 oppo-

161 2166 248 2203 sitis
288 2164 458 2216 sparsim
497 2165 537 2201 in
577 2176 710 2201 ramos
753 2162 1086 2200 excrescentibus
1117 2174 1249 2199 ramos
1281 2164 1346 2198 aut
1379 2159 1587 2211 oppositos
1619 2161 1686 2195 aut

162 2233 340 2270 alternos
379 2230 682 2282 generantibus.
751 2229 948 2267 Stichislia
982 2228 1063 2266 vidi
1096 2240 1202 2265 nunc
1232 2227 1334 2265 intra
1368 2227 1592 2277 marginem
1624 2237 1684 2262 re-

163 2299 344 2337 volutum
385 2297 499 2348 quasi
537 2297 577 2334 in
617 2296 784 2334 crenula.
815 2297 1044 2346 conjuncta,
1077 2294 1402 2338 subsasciculata‚
1434 2304 1540 2331 nunc
1571 2304 1685 2329 secus

162 2365 381 2404 interstitia
421 2377 610 2403 zonarum
641 2363 966 2402 transversaliter
1004 2362 1044 2400 in
1084 2361 1228 2400 fronde
1267 2361 1426 2405 seriata,
1468 2359 1508 2397 in
1540 2359 1687 2410 pagina

162 2432 370 2484 superiore
415 2444 541 2483 prope
588 2434 738 2469 costam
785 2429 1088 2480 1⁷›1·ovenientia„
1133 2429 1173 2466 in
1213 2427 1406 2466 inferiore
1445 2431 1596 2465 costam
1628 2424 1685 2461 fu-

163 2499 316 2551 gientia
355 2499 448 2537 dein
488 2511 607 2548 quam
644 2497 684 2535 in
717 2496 866 2548 pagina
896 2496 1105 2547 superiore
1145 2494 1425 2533 numerosiora
1456 2493 1496 2530 in
1529 2502 1686 2542 quaque

162 2567 290 2614 serie;
329 2567 369 2604 in
412 2564 670 2604 transversali
711 2563 816 2601 serie
847 2567 937 2600 sunt
970 2562 1206 2613 subsingula
1236 2565 1277 2599 et
1306 2559 1521 2611 simplicia,
1553 2557 1686 2596 omnia

163 2646 216 2671 ex
241 2633 359 2671 tereti
391 2633 648 2684 complanata
664 2630 942 2675 crassiuscula‚
974 2629 1090 2681 apice
1114 2629 1294 2674 incurva,
1319 2623 1687 2677 oblongo-linearia

166 2701 469 2752 spliae1·osporas
501 2698 653 2751 duplici
685 2697 790 2735 serie
821 2695 1036 2747 dispositas
1067 2696 1276 2733 immersas
1308 2694 1500 2733 foventia.

278 2768 404 2805 Zonae
450 2765 740 2804 transversales
786 2763 970 2802 oriuntur
1017 2762 1176 2800 cellulis
1216 2760 1477 2799 interioribus
1518 2758 1686 2797 translu-

165 2835 372 2881 centibus;
418 2838 510 2871 sunt
553 2832 713 2870 cellulae
759 2831 822 2869 hae
866 2830 1084 2869 admodum
1124 2842 1302 2880 magnae,
1346 2826 1686 2877 subrectangulae,

167 2914 282 2951 aeque
314 2901 448 2951 longae
479 2904 517 2937 et
549 2899 589 2937 in
622 2909 781 2949 quaque
820 2910 918 2935 zona
951 2909 972 2933 e
1002 2896 1170 2947 regione
1201 2894 1365 2946 positae;
1407 2906 1429 2930 a
1460 2896 1571 2931 costa
1601 2903 1686 2929 ver-
