1728 3110
140 157 163 197 3
172 156 196 197 2
207 156 230 196 »2
763 154 1047 196 RHODOMELEAE-
1327 160 1670 214 Acanthophora.

133 287 239 320 rilem
279 286 365 326 vidi,
402 296 518 328 quare
558 284 649 318 mihi
687 296 760 319 non
803 286 1099 320 determinanda.
1159 287 1218 320 Ex
1255 286 1340 321 loco
1379 288 1495 321 natali
1530 288 1577 321 ad
1603 289 1670 322 Ac.

132 344 290 387 Wightii
317 345 505 388 pertinere
534 344 704 387 conjicio.

131 493 168 532 7.
202 492 275 531 Ac.
307 505 494 532 ARBOREA
525 494 664 543 (Harv.
696 495 758 532 Fl.
793 495 918 532 Tasm.
941 507 984 542 p.
1013 494 1112 543 296)
1144 494 1398 533 dendroidea
1422 495 1538 533 caule
1555 495 1667 533 elon-

243 565 336 612 gato
367 561 491 607 nudo,
523 561 645 599 ramis
676 561 960 612 maximopere
978 561 1197 599 attenuatis
1213 561 1479 613 pyramidatis
1497 573 1671 613 superne

244 629 460 667 ramulosis
505 633 546 667 et
584 627 711 679 spinis
749 628 899 679 sparsis
930 627 1185 679 simplicibus
1220 627 1400 674 armatis,
1430 627 1598 666 ramulis
1628 627 1670 664 in

241 696 369 734 axilla
422 695 629 747 spinarum
682 694 931 732 fasciculatis
987 694 1218 745 aggregatis
1270 694 1434 733 mollius
1480 694 1670 746 spinosis,

243 762 370 814 spinis
423 762 705 800 erectiusculis
762 760 960 800 subulatis
1013 760 1237 798 articulatis
1288 761 1459 800 ramello
1506 760 1670 799 axillari

243 829 512 880 longioribus,
566 828 768 867 stichidiis
801 858 808 865 .
845 859 851 865 .
884 857 894 866 .
926 857 935 865 .
968 859 975 867 .
1009 827 1248 866 keramidiis
1303 827 1431 881 apices
1464 841 1668 866 ramorum

245 895 449 934 minorum
481 894 766 933 terminalibus
797 894 1135 945 globoso-ovatis.

225 987 520 1030 Aranthophora
552 987 709 1020 arborea
735 984 854 1019 Ham-0.
881 984 903 1019 Z.
930 994 959 1018 e.
983 984 1024 1018 in
1048 983 1166 1018 Hook.
1194 983 1282 1017 Ant.
1318 983 1404 1026 Voy.
1430 983 1517 1017 III!
1555 983 1669 1027 Phyle.

130 1048 251 1079 aus-tr.
279 1044 352 1078 tab.
382 1043 598 1078 CXXXII!

224 1107 288 1139 Ac.
316 1107 535 1139 'sasmaniea
560 1102 681 1137 Ηανυ.
710 1102 781 1146 ((19.
808 1105 929 1136 constr.
957 1102 1086 1136 πεῖθε.
1112 1111 1172 1136 wo
1202 1102 1269 1136 140
1293 1105 1387 1145 (nou
1416 1100 1590 1145 Sonam

242 1185 343 1224 Hab.
381 1185 431 1223 ad
462 1197 580 1236 rapes
612 1184 845 1222 Tasmaniae
879 1183 1120 1235 (Harveyl).

222 1275 391 1308 Frondes
419 1274 570 1318 pedales
600 1278 635 1307 et
662 1274 772 1314 ultra,
799 1275 966 1306 crassitie
982 1275 1124 1306 inferne
1141 1285 1300 1318 pennam
1315 1277 1504 1309 corvinam
1521 1287 1669 1320 sequan-

130 1337 193 1373 τρε,
221 1343 371 1366 sursum
399 1334 537 1365 sensim
565 1335 772 1373 attenuatae⁷
800 1334 914 1365 ramis
942 1332 1129 1374 elongatis
1157 1333 1414 1376 pyramidatae.
1440 1335 1547 1367 Rami
1568 1336 1668 1376 prin-

131 1392 269 1434 cipales
296 1392 382 1424 3-4
414 1392 623 1435 pollicares‚
650 1392 793 1424 inferne
820 1391 970 1434 longius
997 1391 1097 1431 nudi,
1127 1402 1287 1435 superne
1315 1392 1579 1435 pyramidatim
1604 1393 1666 1425 de-

131 1451 352 1493 compositi·7
405 1451 569 1482 minores
610 1453 645 1482 et
677 1450 858 1492 juniores,
899 1451 963 1493 qui
1002 1451 1122 1493 ipsam
1157 1460 1303 1483 comam
1341 1452 1455 1483 ramis
1494 1452 1666 1491 efficiunt,

131 1512 218 1540 sunt
246 1508 401 1540 ramulis
429 1508 638 1541 minoribus
660 1509 853 1552 spinisque
875 1507 1108 1551 simplicibus
1125 1509 1358 1541 intermixtis
1373 1511 1520 1542 armati.
1548 1511 1668 1553 Spinae

131 1565 314 1598 subulatae
356 1569 471 1598 acutae
510 1568 544 1598 at
586 1566 776 1598 molliores
816 1576 926 1609 quam
965 1567 1000 1598 in
1044 1568 1188 1599 caeteris
1220 1567 1424 1610 speciebus,
1451 1567 1668 1600 articulato-

132 1622 428 1665 oligosiplionia‘‚
454 1623 709 1655 erectiuscula·
736 1626 800 1655 aut
828 1624 951 1655 minus
978 1634 1089 1666 quam
1116 1624 1153 1656 in
1170 1625 1313 1657 caeteris
1328 1627 1508 1668 patentes7
1529 1624 1667 1666 angulo

132 1683 194 1713 vix
221 1680 284 1713 45⁰
314 1684 533 1725 superanteg
561 1681 697 1713 ramuli
725 1682 762 1713 in
789 1681 906 1713 axilla
934 1682 1125 1724 spinarum
1152 1683 1239 1723 nati⁷
1270 1692 1454 1725 gemmam
1469 1682 1667 1716 axillarem

131 1740 235 1782 spina
273 1738 458 1771 fulci-ante
498 1739 575 1771 fere
614 1739 731 1782 duplo
770 1739 982 1771 breviorem
1011 1738 1181 1780 juniores
1211 1740 1426 1780 reserentes,
1452 1741 1521 1783 ipsi
1549 1741 1667 1783 spinis

131 1796 392 1829 consimilibus
419 1800 455 1828 at
483 1797 719 1830 mollioribus
747 1800 783 1828 et
810 1797 1080 1836 obtusioribus‚
1118 1798 1226 1831 initio
1252 1798 1502 1841 paucioi·ibuS‚
1529 1799 1667 1830 sensim

132 1855 305 1897 plurimis
347 1855 565 1893 imbricatis,
604 1855 788 1898 supremis
825 1856 991 1888 incurvis
1030 1857 1234 1896 constituti,
1272 1857 1408 1888 sensim
1436 1857 1473 1888 in
1501 1866 1666 1898 gemmas

130 1912 258 1955 plures
285 1913 496 1945 conformes
523 1913 717 1954 subdivisi,
744 1913 949 1946 fasciculati
976 1916 1011 1945 et
1038 1914 1085 1946 ob
1112 1924 1235 1946 ramos
1262 1915 1437 1947 incurvos
1465 1915 1540 1946 fere
1563 1917 1666 1946 trun—

131 1971 212 2009 cati,
239 1972 376 2002 sensim
403 1971 618 2014 prolongati
646 1975 682 2003 et
708 1981 776 2004 suo
806 1971 937 2004 ordine
965 1971 1222 2015 decompositi.
1271 1971 1488 2004 Keramislia
1514 1974 1601 2004 sunt
1627 1973 1664 2004 in

130 2028 245 2060 ramis
273 2029 481 2060 minoribus
512 2029 732 2069 terminalia,
759 2032 922 2061 attamen
951 2029 1117 2072 obliqua,
1144 2039 1212 2072 pro
1244 2029 1501 2072 magnitudine
1528 2030 1664 2073 plantae

132 2087 285 2125 minuta,
317 2085 500 2126 juvenilia
537 2087 612 2118 sere
653 2087 823 2127 obovata,
861 2086 1051 2119 adultiora
1081 2086 1385 2128 globoso-ovata.
1435 2088 1665 2121 Transversa

132 2143 296 2175 sectione
322 2144 465 2176 frondis
491 2145 647 2186 adparet
678 2155 787 2177 axem
815 2144 1036 2187 siphonibus
1062 2143 1084 2175 4
1109 2145 1420 2186 pericentralibus
1447 2156 1527 2179 esse
1555 2156 1663 2179 occu-

131 2204 279 2244 patum3
306 2202 343 2232 in
372 2203 489 2243 magis
510 2201 670 2242 juvenili
698 2204 802 2244 parte
830 2202 923 2233 rami
951 2204 1038 2233 sunt
1064 2201 1240 2244 siphones
1267 2204 1520 2236 exterioribus
1548 2203 1663 2236 cellu-

131 2260 176 2292 lis
204 2260 280 2291 sere
307 2269 412 2302 aeque
439 2261 585 2301 magnis
612 2261 732 2299 cincti,
760 2260 821 2302 qui
848 2261 885 2291 in
914 2261 1089 2292 corticem
1106 2261 1242 2292 sensim
1259 2260 1463 2305 abeuutgin
1481 2263 1663 2294 crassiore

131 2327 235 2350 ramo
274 2317 349 2349 sere
392 2317 528 2360 triplex
569 2320 727 2350 stratum
766 2317 890 2361 adest3
920 2317 1096 2360 siphones
1124 2328 1257 2361 nempe
1283 2319 1553 2362 pericentrales
1579 2330 1661 2352 cum

131 2378 238 2408 aetate
275 2376 345 2418 ipsi
385 2375 567 2408 subdivisi
608 2379 765 2408 stratum
806 2376 964 2407 interius
997 2375 1083 2408 laxe
1111 2376 1335 2409 cellulosum
1362 2378 1541 2420 efficiunt3
1570 2380 1663 2410 stra-

132 2437 212 2467 tum
238 2433 504 2465 intermedium
532 2433 739 2465 minoribus
767 2436 802 2465 et
829 2433 947 2466 multo
968 2435 1112 2466 firmius
1127 2434 1400 2468 cohaerentibus
1417 2436 1560 2468 cellulis
1575 2446 1662 2468 con-

133 2495 299 2535 textumg
339 2491 500 2534 (leuique
538 2491 660 2533 ipsum
693 2491 867 2523 corut-aie
896 2491 1042 2524 cellulis
1069 2492 1297 2525 verticaliter
1323 2494 1571 2536 superpositis
1597 2493 1661 2526 ad-

132 2550 283 2583 modum
312 2549 466 2580 minutis
494 2550 652 2580 constat.

227 2607 384 2639 Eximiis
421 2605 698 2638 characteribus
736 2616 756 2637 a
787 2606 928 2637 caeteris
962 2608 1111 2648 generis
1139 2608 1331 2651 speciebus
1357 2607 1503 2640 facilius
1530 2608 1662 2650 digno-

133 2665 277 2704 scentia,
303 2663 486 2696 stiehidiis
513 2663 651 2705 ignotis
678 2664 741 2694 vix
769 2666 890 2695 tamen
919 2664 1042 2706 quoad
1071 2674 1187 2707 genus
1213 2665 1335 2705 dubia,
1357 2666 1427 2697 nisi
1448 2665 1493 2698 ad
1519 2665 1662 2708 Polysi-

131 2722 317 2765 phoniam,
361 2721 541 2754 suadente
578 2720 645 2753 Ac.
685 2721 897 2760 tasmanioa,
938 2720 1014 2753 haec
1051 2732 1202 2766 quoque
1240 2724 1337 2754 esset
1364 2722 1569 2754 referenda.
1619 2722 1659 2754 In

132 2780 298 2812 savorem
337 2777 448 2819 hujus
475 2779 663 2821 opinionis
694 2778 849 2809 forsitan
879 2779 1010 2810 afferre
1036 2778 1167 2811 liceret
1192 2778 1366 2822 siphones
1393 2778 1659 2821 pericentrales

134 2847 213 2868 esse
239 2836 261 2868 4
287 2841 329 2868 ut
354 2838 391 2868 in
418 2835 694 2878 Polysiphoniae
721 2835 924 2878 speciebus
953 2846 1046 2878 quas
1073 2837 1309 2880 potissimum
1334 2835 1459 2868 affines
1483 2835 1659 2879 haberes,

136 2894 225 2925 dum
252 2895 289 2925 in
316 2892 618 2935 Acantliophorae
647 2903 700 2936 sp.
727 2892 882 2936 reliquis
909 2896 994 2925 sunt
1011 2894 1042 2926 5.
