1728 3110
61 128 368 181 Chondriopsv's.
671 124 955 168 RHODOMELEAE.
1488 131 1509 171 7
1521 131 1576 173 95

54 258 183 297 Frons
227 256 489 295 teretiuscula
534 260 604 294 aut
634 268 866 308 compressa
898 259 1374 312 decomposito-ramosa,
1414 263 1580 303 ramulis

164 323 249 362 basi
282 323 511 361 constrictis
544 324 713 374 virgata,
743 324 847 361 intra
879 326 1072 364 corticem
1102 329 1398 380 polysiphonia,
1421 331 1580 369 cellulis

162 388 353 428 nimirum
399 388 507 427 4——6
553 390 660 426 circa
705 391 926 428 centralem
966 393 1004 430 in
1037 395 1174 432 orbem
1209 395 1416 448 dispositis
1447 410 1578 448 aeque-

136 456 316 507 ·longis‚
370 455 610 506 cellulisque
666 456 939 495 exterioribus
985 459 1237 499 brevioribus
1282 462 1321 500 in
1367 464 1580 503 corticales

162 523 337 561 minutas
368 522 612 561 abeuntibus
644 526 850 561 contexta.
895 523 1127 563 Kercmciclia
1159 541 1182 564 a
1212 530 1368 568 ramulo
1388 534 1580 569 nascente

165 589 462 635 transformata,
495 589 600 627 intra
622 589 894 641 pericarpium
913 590 1153 630 cellulosum
1172 596 1442 645 cai-postomio
1461 609 1576 648 aper-

164 661 246 696 tum
279 656 500 708 gemmidia
532 656 707 694 obovata.
737 657 776 694 in
810 656 981 694 articulo
1013 658 1215 697 terminali
1249 659 1407 699 filorum
1443 676 1464 700 a
1495 664 1578 715 pla-

164 729 281 763 centa
311 723 553 762 radiantium
588 722 780 762 foventia.
826 723 1110 771 Sphoerosyaorae
1141 726 1179 763 in
1213 727 1377 765 ramulis
1408 728 1476 767 vix
1495 744 1579 768 mu-

164 792 256 829 tatis
301 791 490 836 evolutae,
521 790 783 828 circumcirca
825 790 863 828 in
897 790 1056 828 cellulis
1091 792 1430 843 pei-icentralibus
1462 800 1580 842 natae,

164 859 365 910 triangule
396 858 551 896 divisa».

163 925 346 965 Frondes
390 929 575 963 recentes
621 937 778 961 carneae
826 928 893 961 aut
938 929 1289 975 purpurascentes,
1336 925 1579 977 gelatinoso-

53 1006 246 1041 carnosae,
278 992 555 1030 exsiccatione
588 991 910 1029 membranaceae
942 995 1010 1028 aut
1040 991 1330 1043 cartilagineae,
1368 992 1407 1030 in
1440 993 1579 1044 caespi-

53 1065 112 1098 tes
157 1060 247 1111 plus
293 1058 425 1097 minus
457 1070 661 1109 expansos
694 1057 900 1104 collect{e;
933 1057 1104 1108 singulas
1136 1057 1376 1109 plerumque
1407 1060 1580 1111 pyrami-

54 1127 171 1172 datae,
216 1126 416 1178 pinnatim
462 1124 954 1176 decompositro-ramosae,
999 1125 1120 1162 ramis
1169 1126 1317 1177 sparsis
1364 1131 1431 1165 aut
1475 1140 1583 1179 saepe

54 1192 270 1244 geminatis
301 1192 546 1242 demumque
578 1190 838 1236 fasciculatis‚
858 1203 1184 1241 quoquoversum
1204 1205 1319 1242 aeque
1338 1193 1581 1244 egredienti-

53 1259 127 1298 bus
172 1263 238 1297 aut
276 1258 405 1309 magis
437 1257 634 1303 distichis,
667 1269 772 1295 nunc
805 1269 966 1307 quoque
999 1258 1326 1309 subsecundatis;
1351 1259 1581 1309 jui‘iioribus

55 1324 255 1376 elongatis
285 1324 551 1369 nudiusculis,
595 1324 744 1361 sensim
778 1324 943 1361 ramulis
975 1325 1121 1363 eodeni
1156 1326 1274 1363 modo
1307 1325 1513 1376 dispositis
1543 1330 1583 1364 et

55 1391 294 1443 plerumque
339 1391 632 1442 patentissimis
680 1391 861 1441 virgatis.
923 1391 1083 1429 Romuli
1126 1392 1209 1431 basi
1243 1392 1465 1438 constricti,
1497 1392 1581 1444 api-

55 1470 144 1496 cem
188 1470 327 1496 versus
371 1462 439 1495 aut
482 1458 678 1495 attenuati
725 1462 793 1495 aut
823 1458 1032 1495 incrassati
1072 1463 1112 1495 et
1142 1459 1230 1509 plus
1261 1458 1392 1496 minus
1422 1458 1582 1503 clavati,

56 1526 143 1577 ipso
174 1526 290 1578 apice
321 1538 428 1564 nunc
458 1530 667 1575 truncato3
693 1525 914 1563 adultiores
935 1526 1077 1563 ramuli
1097 1530 1164 1564 aut
1181 1526 1377 1564 fructiferi
1396 1530 1464 1563 aut
1480 1538 1582 1564 nova

56 1592 161 1631 serie
206 1592 468 1631 ramellorum
517 1592 787 1631 conformium
837 1592 1033 1634 instructi,
1080 1592 1227 1630 sensim
1275 1593 1314 1630 in
1354 1605 1486 1631 ramos
1516 1592 1583 1630 ab·

57 1662 210 1697 euntes.

166 1725 230 1764 Ab
275 1730 444 1764 externa
492 1725 596 1763 facie
642 1726 807 1764 frondes
853 1727 1019 1765 omuino
1060 1726 1328 1764 inarticulatae
1361 1724 1584 1777 saepissime

57 1792 273 1844 adparent:
306 1792 492 1830 dissectae
525 1797 750 1831 monstrant
780 1794 970 1831 cellulam
1003 1794 1237 1837 centralem,
1268 1793 1458 1830 4—5ffl6
1479 1792 1584 1844 peri-

58 1859 305 1897 centralibus
352 1863 391 1897 et
436 1858 520 1896 fere
565 1860 747 1908 ejusdem
784 1860 1049 1911 longitudinis
1081 1860 1268 1904 cinctam,
1300 1863 1340 1896 et
1370 1863 1486 1896 extra
1516 1859 1585 1896 has

58 1930 223 1964 stratum
257 1926 346 1978 plus
376 1926 510 1964 minus
542 1927 709 1965 densum
744 1927 983 1965 cellularum
1017 1926 1230 1964 minorum.
1278 1920 1478 1963 Genti-alis
1506 1925 1585 1962 cel-

59 1992 142 2030 lula
172 1992 211 2030 in
245 1991 389 2031 fronde
421 1993 623 2031 adultiore
654 1994 847 2045 adparatu
880 1994 1067 2032 tuborum
1100 1992 1477 2043 angustissimorum
1502 1991 1584 2028 cin-

59 2058 179 2110 gitur,
210 2059 277 2109 qui
310 2060 416 2097 inter
446 2060 615 2098 cellulas
646 2060 936 2112 pericentrales
970 2064 1233 2097 excurrentes
1263 2071 1352 2096 cum
1372 2057 1584 2096 exteriori-

59 2126 132 2165 bus
177 2130 414 2172 nectuntu1·;
460 2126 500 2164 in
533 2127 676 2165 fronde
709 2127 885 2176 juvenili
921 2127 1203 2164 nonnullarum
1237 2123 1451 2163 interstitia
1483 2123 1586 2160 inter

60 2193 351 2244 pericentrales
383 2192 551 2231 cellulas
582 2205 708 2230 vacua
740 2193 879 2230 videre
912 2188 1583 2242 creslidi20ellulaepei-icentrales‚

62 2259 334 2298 exterioribus
379 2259 606 2310 longiores,
652 2272 770 2297 axem
818 2259 1073 2296 articulatum
1120 2270 1225 2295 nunc
1269 2256 1582 2294 translucentem

62 2325 254 2364 efficiunt.
315 2325 491 2364 Stratum
531 2325 726 2364 corticale
758 2330 915 2364 constat
947 2324 1105 2362 cellulis
1136 2323 1360 2361 minoribus
1392 2325 1431 2358 et
1460 2320 1583 2358 endo-

62 2392 269 2432 chromate
300 2391 498 2430 intensius
530 2393 712 2431 colorato
746 2392 896 2434 fai-ctis,
936 2391 975 2428 in
1001 2389 1176 2439 juvenili
1208 2392 1321 2440 parte
1351 2386 1582 2425 rotundato-

63 2459 275 2510 angulatiS‚
324 2459 364 2497 in
409 2459 611 2497 adultiore
656 2462 724 2496 aut
754 2470 869 2495 secus
902 2456 1197 2507 longitudinem
1230 2453 1352 2504 partis
1385 2450 1583 2501 elongatis

63 2524 178 2562 strias
224 2525 399 2563 minutas
446 2538 467 2561 a
512 2525 728 2576 superficie
775 2522 1072 2566 aemulantssrus,
1119 2525 1185 2557 aut
1228 2517 1450 2556 directione
1481 2515 1583 2554 radii

64 2590 192 2642 magis
223 2590 438 2641 elongatiS‚
470 2590 638 2628 cellulas
669 2603 692 2627 a
723 2588 938 2640 superficie
969 2599 1107 2638 parum
1139 2583 1345 2634 longiores
1377 2593 1496 2631 quam
1527 2581 1583 2618 la-

65 2660 124 2694 tas
155 2656 484 2695 monstrantibus.
531 2656 640 2694 inter
679 2654 968 2706 pei-icentrales
998 2651 1164 2689 cellulas
1194 2653 1233 2687 et
1263 2647 1455 2686 corticale
1485 2651 1584 2685 stra-

65 2726 149 2761 tum
192 2723 401 2775 proprium
445 2721 592 2759 sensim
633 2721 835 2759 evolvitur
865 2716 1149 2756 intermedium
1180 2713 1396 2763 quoddam,
1427 2713 1584 2751 cellulis

67 2788 321 2828 brevioribus
353 2791 394 2824 at
423 2786 635 2825 latioribus
666 2790 916 2825 contextum.
974 2781 1093 2819 Jodio
1125 2782 1303 2817 tractatae
1335 2778 1493 2816 cellulae
1525 2778 1584 2815 in·
