1728 3110
24 121 268 166 Laui-enom.
672 120 901 162 CHONDROEAE.
1448 118 1473 157 ’7
1482 117 1539 157 49

117 255 250 296 ”Rupes
290 253 470 285 maritimae·
508 248 711 292 caespitibus
750 250 895 291 hujusce
932 250 1076 293 Phyceae
1115 252 1238 294 amplis
1264 252 1365 293 longe
1402 253 1541 295 lateque

25 316 245 356 obteguntur.
303 311 454 344 Frondes
481 309 715 349 cartilagineae
742 317 759 340 e
785 308 860 341 basi
894 310 1034 343 dilatata
1068 313 1203 344 scutata
1228 312 1345 354 plures
1372 312 1542 356 oriundae,

25 373 169 415 rupibus
208 372 259 404 vel
299 371 425 412 lapillis
462 368 585 411 affixae,
626 367 869 409 cylindraceae,
908 369 1064 401 unciales
1104 373 1139 402 et,
1169 378 1292 412 parum
1318 372 1417 415 ultra,
1446 371 1542 404 filum

26 432 222 466 calceolarii
250 428 480 462 crassitudine
505 429 698 469 aequautes,
724 435 860 459 sursum
888 427 944 458 vix
960 428 1158 470 attenuatae,
1175 430 1541 472 recurvae,intricatae,

26 498 141 522 ramos
178 497 295 530 vagos,
333 495 439 528 raros,
476 484 684 527 quandoque
723 484 835 516 nullos
874 485 1084 517 emittentes.
1146 484 1242 518 Rami
1268 490 1360 521 sicut
1388 490 1422 521 et
1447 488 1542 521 frons

26 549 188 590 primaria
225 546 368 587 recurvi,
404 552 468 586 ope
502 543 629 576 scutuli
656 551 751 584 saepe
780 552 898 575 rursus
925 543 967 575 ad
993 551 1075 576 saxa
1103 544 1359 579 adhaerescunt.
1409 546 1540 580 Romuli

27 605 204 647 cylindrici
240 604 290 636 vel
329 611 449 645 parum
487 603 622 644 apicem
659 610 780 634 versus
818 601 1082 645 subincrassati,
1123 602 1180 634 ubi
1212 605 1323 645 primo
1351 606 1543 646 impresso-

28 663 230 706 umbilicati,
266 663 404 695 tandem
431 662 562 703 ,aperti,
601 662 693 694 intus
732 661 899 703 excavati,
930 660 1086 700 juniores
1111 662 1250 704 vitaque
1277 662 1356 695 dum
1384 662 1543 695 fruuntur

29 722 232 754 fasciculum
258 721 392 754 filorum
418 719 720 752 confervoidorum
747 729 789 752 ex
817 728 876 752 ore
902 721 1043 752 crenato
1070 721 1145 761 pori
1169 723 1424 762 coi'rugatoque
1440 722 1544 753 emit-

28 783 151 823 tentes,
177 782 328 823 supremi
355 779 560 812 brevissime
586 778 867 821 papillaesormes,
895 787 1015 811 omnes
1040 778 1195 811 secunde
1222 779 1311 810 versi
1339 780 1373 810 et
1398 779 1430 810 in
1446 781 1544 820 parte

29 847 182 871 convexa
208 846 380 871 ramorum
407 838 526 869 erecti.
575 836 677 869 Color
702 845 909 878 purpureus,
937 837 1124 869 exsiccatae
1152 838 1186 869 in
1212 837 1358 869 viridem
1384 845 1542 877 vergens

27 898 224 931 Substantia
259 905 417 940 succosa,
450 896 903 938 gelatinoso-cartilaginea,
936 895 1134 927 humectata
1168 896 1310 928 minimo
1347 896 1441 927 tactu
1473 894 1545 926 sra-

28 955 165 995 gillima.
214 955 505 988 Fructificationis
531 954 661 987 nullum
700 955 885 994 vestigium
910 955 944 986 in
971 953 1229 995 exemplaribus
1256 962 1359 995 quam
1386 953 1544 995 plurimis

27 1015 244 1047 examinatis.

120 1071 209 1111 Quid
235 1081 356 1105 revera
383 1073 429 1105 sit
452 1071 565 1105 Fucus
598 1071 795 1113 perforatus
832 1069 926 1114 Bory
953 1069 1027 1103 Ess.
1055 1069 1203 1104 Fortun.
1224 1080 1260 1113 p.
1287 1071 1352 1104 305
1373 1069 1421 1114 pl.
1448 1073 1468 1104 5
1488 1067 1544 1113 fiq.

26 1129 46 1163 Ι
68 1139 188 1173 parum
227 1131 344 1173 liquet.
408 1130 519 1163 lconis
560 1130 616 1170 fig.
642 1130 664 1161 B
692 1132 727 1163 et
750 1129 774 1162 C
800 1129 938 1162 habitus
977 1129 1127 1162 offerunt
1164 1129 1427 1162 similitudinem
1466 1137 1545 1161 cum

26 1189 141 1231 planta
167 1189 382 1231 Moutagnei3
406 1192 558 1222 attamen
584 1189 666 1232 illae,
693 1189 791 1222 caule
807 1189 1119 1221 erectoinstructae
1135 1191 1169 1221 et
1186 1189 1289 1221 ramis
1305 1189 1460 1221 recurvis
1476 1196 1545 1220 non

28 1247 275 1289 radicantibus,
302 1248 455 1289 plantam
483 1248 655 1280 diversam
677 1247 747 1288 jam
775 1247 969 1290 indigitant,
997 1247 1089 1288 quod
1114 1247 1254 1288 quidem
1269 1246 1325 1286 fig.
1350 1247 1374 1278 A
1403 1246 1543 1278 omnino

28 1307 160 1338 certum
200 1305 344 1337 reddere
384 1306 527 1338 videtur.
593 1305 779 1347 Specimen
818 1305 944 1347 plantae
983 1305 1147 1348 Boryanae
1175 1304 1425 1347 authenticum,
1452 1303 1545 1346 quod

29 1365 233 1405 examinavi,
272 1371 350 1396 cum
387 1364 478 1396 nulla
517 1365 629 1396 iconis
667 1364 774 1404 figura
808 1363 898 1396 bene
925 1364 1099 1407 convenit,
1124 1372 1189 1396 nec
1216 1365 1330 1395 tamen
1357 1363 1402 1394 ita
1430 1360 1546 1394 differt

28 1423 66 1453 ut
89 1430 151 1462 pro
178 1423 273 1453 certo
313 1422 429 1454 dicere
470 1421 631 1454 auderem
668 1423 787 1454 icones
814 1430 882 1454 non
908 1421 1054 1454 eandem
1083 1421 1250 1464 plantam,
1276 1421 1413 1453 diverso
1440 1421 1543 1462 statu,

29 1483 281 1522 representare.
332 1480 402 1513 Hoc
428 1489 508 1513 vero
535 1482 712 1523 specimen
739 1481 930 1522 Boryanum
958 1481 1155 1513 accuratius
1182 1480 1415 1513 examinatum
1441 1487 1544 1511 mon-

30 1540 117 1570 strat
142 1538 363 1579 Gigartinam,
392 1538 427 1570 G.
455 1539 632 1580 pistillatae
658 1540 863 1580 proximam.
920 1538 1006 1577 Quae
1032 1547 1110 1571 cum
1137 1540 1183 1570 ita
1210 1539 1290 1579 sint,
1318 1540 1351 1570 et
1377 1540 1542 1580 quantum

30 1596 165 1628 diverso
198 1599 289 1629 statu
319 1597 451 1627 variant
487 1595 673 1635 Gigartinee
706 1597 844 1637 species
877 1596 953 1628 aliae
989 1596 1224 1628 consideranti
1251 1595 1331 1628 mihi
1358 1595 1450 1628 haud
1477 1597 1544 1628 im-

28 1652 208 1695 probabile
240 1654 376 1690 videtur
410 1655 444 1685 et
468 1654 588 1686 icones
616 1663 735 1687 omnes
762 1654 935 1696 Boryanas
962 1656 996 1686 et
1021 1655 1213 1696 specimina
1240 1654 1396 1695 ejusdem
1423 1662 1543 1686 revera

29 1720 130 1743 unam
177 1712 391 1753 eandemque
431 1713 588 1753 speciem
628 1714 860 1756 constituere,
905 1714 960 1745 cui
1000 1713 1188 1753 Gigartinae
1226 1711 1413 1753 perforatae
1450 1709 1544 1752 Bory

28 1777 154 1801 nomen
180 1769 456 1802 conservandum
482 1771 537 1803 si-t.
586 1770 776 1804 Laurencia
802 1770 978 1813 perforata
1003 1769 1111 1804 Mont.
1139 1772 1193 1803 est
1218 1770 1335 1812 planta
1359 1772 1430 1803 toto
1445 1771 1543 1802 coelo

28 1826 70 1859 ab
96 1827 161 1860 hoc
188 1828 335 1861 diversa.

27 1952 63 1993 9.
93 1955 125 1990 L.
155 1963 304 1992 NiDIFiCA
338 1955 393 2001 (J.
430 1957 496 2004 Ay.
537 1959 672 2002 mser.)
707 1968 827 2007 rosea,
858 1956 994 1994 fronde
1026 1956 1134 1994 tereti
1166 1954 1331 1994 filisormi
1363 1966 1543 2003 quoquo-

137 2033 284 2059 versum
322 2035 411 2071 vage
443 2027 479 2060 et
508 2022 730 2062 densissime
769 2036 931 2070 ruinosa,
961 2024 1109 2061 inferne
1140 2024 1179 2061 in
1210 2024 1400 2073 caespitem
1433 2023 1544 2060 inex-

138 2089 347 2127 tricandum
388 2090 568 2142 intricata,
606 2092 718 2128 ramis
757 2092 941 2140 elongatis
980 2092 1211 2140 minutisque
1256 2092 1333 2128 sere
1365 2090 1543 2128 subuiatis

135 2158 562 2209 flexuoso-divaricatis3
593 2171 757 2209 superne
789 2171 808 2197 e
840 2160 990 2208 caespite
1023 2160 1288 2208 proeminente
1315 2158 1427 2197 rumis
1445 2167 1543 2205 saepe

137 2225 318 2273 oppositis
357 2226 848 2277 panicuiatO-corynibosis3
887 2228 1039 2266 ramulis
1078 2228 1232 2265 alternis
1261 2225 1543 2265 subdival-icatis

136 2291 297 2342 clavatis,
327 2294 522 2342 spol-iteris
553 2295 811 2333 conformibus
841 2306 1005 2344 superne
1036 2295 1300 2346 verruculosis,
1331 2293 1544 2332 keramidiis

136 2358 349 2397 lateralibus
380 2362 717 2411 ovato-sphaericis.

136 2448 222 2486 Ilab.
254 2448 297 2486 ad
331 2449 467 2488 insulas
498 2452 690 2490 sandwici.
724 2453 807 2501 (Hb.
838 2453 1032 2500 Binderl).

119 2536 289 2578 Caespites
316 2537 484 2582 depressi,
511 2541 723 2581 expansione
750 2541 1048 2582 2-3-pollieares
1075 2543 1109 2573 et
1134 2540 1250 2572 forsan
1278 2540 1376 2581 ultra,
1404 2539 1543 2571 densis-

28 2595 114 2627 sime
151 2596 302 2628 intricati
343 2597 387 2628 ila
426 2598 464 2629 ut
502 2606 568 2630 non
608 2599 674 2630 nisi
708 2598 954 2631 dilaceratione
981 2598 1155 2631 frondium
1182 2598 1406 2638 extriccntur,
1446 2595 1543 2628 fron-

29 2652 129 2685 dibus
155 2655 335 2693 constituti
363 2654 542 2698 teretibus,
577 2664 727 2697 pennam
765 2657 983 2698 passerinam
1022 2657 1181 2688 crassitie
1219 2656 1276 2686 vix
1308 2653 1541 2696 aequantibus,

29 2710 234 2744 densissime
261 2714 296 2744 et
321 2720 405 2752 vage
432 2721 711 2755 quoquoversum
739 2716 898 2748 ramosis.
947 2715 1042 2747 Rami
1071 2714 1223 2756 oppositi
1250 2714 1309 2745 aut
1334 2712 1541 2754 verticillati,

28 2767 149 2800 alterni
177 2772 235 2801 aut
260 2771 408 2811 sparsim
436 2772 592 2815 secundi,
617 2774 862 2817 patentissimi,
892 2772 1242 2806 sub-horizontaliter
1271 2780 1289 2803 e
1315 2771 1413 2803 caule
1441 2779 1543 2811 egre-

29 2825 174 2870 dientes,
212 2827 361 2868 maJ'ores
399 2829 591 2871 ramulique
628 2831 893 2873 simpliciusculi
931 2832 1048 2872 mixti,
1085 2831 1132 2862 illi
1159 2829 1234 2862 basi
1261 2827 1456 2860 nudiusculi
1485 2829 1544 2860 aut

28 2885 202 2928 ramulosi,
228 2895 378 2928 superne
406 2889 549 2920 flexuosi
578 2890 612 2922 et
625 2889 1076 2930 divaricato-ramosisaepe
1100 2887 1385 2928 denseintricati,
1402 2886 1542 2918 ramulis

155 2940 209 2975 lli.
1373 2943 1414 2977 49
