1728 3110
170 129 221 170 12
232 131 254 172 5
266 130 289 171 6
756 128 1038 171 Rnonomm.
1456 136 1676 180 Toenioma.

161 258 324 314 CLV
366 261 617 314 TAENIOMA
653 280 688 317 J
717 278 791 327 Ay.
820 291 927 317 mser.
959 277 1261 332 Polysiphoniae
1291 294 1349 333 sp.
1380 281 1490 320 Auct.

160 381 290 420 Frons
321 380 537 428 filiformis,
568 382 993 427 dichotomo-ramosa‚
1024 382 1321 434 polysiphonia‚
1343 383 1500 422 cellulis
1530 396 1676 436 nempe

269 448 549 501 4-pluribuSVe
580 449 688 487 circa
718 449 938 487 centralem
970 449 1010 487 in
1043 450 1183 488 orbem
1225 450 1433 502 dispositis
1471 451 1675 501 aequelon-

268 517 329 569 gis
359 520 565 561 contexta,
596 516 805 555 articulata
851 516 1083 555 ecorticata.
1145 517 1379 555 Keramiclm
1408 542 1676 555 ........

269 584 462 622 Stichidia
492 583 955 630 dilatato-vittaeformia,
986 596 1009 621 a
1038 584 1193 622 ramulo
1224 584 1389 636 proprio
1407 586 1676 637 complanato,

267 651 425 689 cellulis
456 663 602 702 nempe
632 650 923 702 marginalibus
953 651 1122 689 articulo
1142 651 1264 703 duplo
1282 651 1535 691 brevioribus
1551 653 1676 691 utrin-

266 730 344 769 que
375 722 507 764 aucto,
537 717 833 763 transformata,
865 717 1166 769 sphaerosporas
1198 718 1404 770 oppositas
1435 719 1587 771 duplici
1615 732 1675 757 se-

267 787 327 825 rie
358 786 562 826 ordinatas
593 786 795 837 triangule
827 784 976 823 divisas
1007 786 1200 824 foventia.

264 879 392 918 Frons
423 878 463 916 in
496 877 632 929 specie
663 877 869 927 hucusque
901 876 1065 927 cognita
1097 876 1330 928 pei-pusilla,
1354 875 1565 928 caespitose
1591 891 1675 917 ere-

155 958 284 990 scens,
316 945 394 983 filis
427 944 643 983 constituta
687 943 937 994 repentibus,
970 943 1156 982 deorsum
1202 943 1490 990 radieantibus,
1521 958 1675 983 sursum

156 1013 222 1051 fila
254 1012 521 1050 erectiuscula
553 1023 672 1062 parce
704 1010 1119 1049 dichotomo-ramosa
1143 1015 1211 1049 aut
1227 1010 1675 1062 simpliciusculaemit-

154 1079 354 1129 tentibus;
399 1078 587 1117 omnibus
632 1077 854 1115 articulatis
901 1076 1144 1116 ecorticatiS.
1205 1077 1377 1115 Articuli
1410 1081 1595 1116 constant
1624 1078 1674 1115 si-

154 1146 355 1198 phonibus
385 1144 723 1198 pericentralibus
754 1144 792 1191 4,
824 1145 1059 1183 membrana
1102 1145 1263 1197 hyalina
1307 1145 1579 1184 endochroma
1609 1158 1675 1184 co-

154 1214 327 1253 loratum
357 1213 562 1264 cingente.

265 1282 308 1319 In
340 1281 478 1333 planta
509 1280 777 1318 stichidiifera
809 1284 877 1317 aut
906 1280 1066 1326 ramuli,
1097 1280 1260 1331 proprie
1290 1281 1340 1319 ad
1371 1280 1411 1318 id
1442 1280 1617 1327 formati,
1634 1281 1675 1319 in

154 1348 233 1386 filis
264 1347 543 1386 erectiusculis
575 1347 830 1391 evolvuntur,
862 1350 931 1384 aut
971 1346 1107 1398 apices
1139 1346 1297 1385 filorum
1328 1346 1675 1396 transformantur,

153 1413 564 1466 compresso-dilatati
613 1414 714 1452 fiunt
753 1418 793 1451 et
833 1418 947 1451 extra
1001 1413 1192 1465 siphones
1238 1413 1527 1465 pericentrales
1571 1427 1675 1453 nova

154 1481 343 1532 utrinque
374 1481 481 1519 serie
511 1481 749 1519 cellularum
783 1479 1066 1531 marginalium
1098 1484 1307 1531 augentur.
1371 1480 1565 1519 Oriuntur
1595 1481 1673 1518 cel—

153 1547 247 1587 lulae
277 1549 522 1600 marginales
549 1547 750 1586 divisione
782 1560 897 1585 secus
930 1547 1225 1598 longitudinem
1258 1546 1316 1584 fili
1347 1551 1510 1599 peracta
1540 1547 1674 1598 sipho-

153 1628 249 1653 num
279 1615 610 1667 perieentralium
641 1615 825 1661 duorum,
851 1614 918 1665 qui
951 1613 1152 1665 margines
1184 1614 1241 1651 tili
1272 1613 1420 1652 sensim
1452 1613 1673 1665 compressi

152 1686 348 1733 spectant.
409 1682 579 1721 Cellulae
625 1686 740 1720 extra
784 1682 988 1733 siphones‚
1033 1682 1110 1719 hoc
1141 1681 1261 1719 modo
1293 1685 1404 1727 ortae,
1437 1685 1529 1719 sunt
1558 1681 1673 1721 initio

156 1749 393 1801 siphonibus
425 1762 541 1800 aeque
573 1750 720 1801 longae,
752 1749 948 1786 citissime
992 1753 1124 1786 autem
1171 1747 1428 1786 transversali
1473 1748 1673 1787 divisione

152 1816 192 1854 in
224 1817 339 1856 binas
370 1817 541 1864 abeunt2
575 1828 698 1866 quare
730 1815 900 1866 singulis
932 1814 1169 1866 siphonibus
1200 1814 1360 1853 cellulas
1379 1814 1552 1866 geminae
1572 1828 1672 1853 mar-

152 1884 309 1934 ginales
340 1884 600 1936 respondent.
634 1883 836 1934 Sipliones
867 1881 1218 1932 intramarginales
1238 1895 1344 1920 nunc
1369 1894 1529 1933 quoque
1546 1885 1672 1920 trans-

152 1951 299 1989 versali
330 1950 531 1989 divisione
562 1949 602 1988 in
635 1950 732 1988 duas
770 1953 904 2001 partes
935 1949 1108 1995 abeunt:
1139 1962 1230 2000 pars
1262 1949 1445 2000 superior
1477 1949 1517 1987 in
1549 1949 1671 1987 cellu-
1724 1989 1725 1992 ,

152 2017 231 2055 lam
263 2016 513 2054 matricalem
545 2016 840 2067 sphaerosporae
872 2018 1072 2064 mutatum
1104 2015 1273 2054 inferior
1311 2028 1416 2066 pars,
1448 2015 1671 2054 directione

152 2083 255 2123 radii
286 2083 435 2122 sensim
467 2083 720 2135 prolongata,
752 2082 791 2120 in
838 2082 936 2120 duas
982 2086 1115 2133 partes
1154 2082 1300 2120 iterum
1334 2082 1539 2129 dividitur,
1570 2083 1670 2121 divi-

152 2151 267 2191 sione
297 2163 388 2189 cum
420 2154 587 2200 utraque
617 2149 766 2200 pagina
797 2148 1014 2200 parallela;
1045 2148 1205 2186 cellulae
1236 2148 1313 2187 hoc
1343 2149 1463 2187 modo
1496 2148 1670 2187 ortaein-

151 2224 213 2258 ter
242 2219 381 2258 tubum
413 2217 636 2255 centralem
668 2221 708 2254 et
737 2216 904 2253 cellulas
951 2216 1194 2267 marginales
1239 2215 1466 2254 directione
1496 2215 1599 2254 radii
1630 2215 1669 2253 in

152 2285 341 2324 stichidio
390 2289 545 2323 maturo
577 2284 828 2336 prolongatae
867 2283 1154 2321 extenduntur.
1227 2281 1396 2320 Cellulae
1443 2281 1668 2319 matricales

153 2353 525 2405 sphaerosporarum
558 2350 598 2388 in
629 2349 798 2401 singulis
830 2348 1009 2386 articulis
1027 2349 1215 2400 geminae,
1240 2360 1385 2399 nempe
1402 2347 1506 2385 intra
1523 2352 1668 2386 utram-

152 2431 230 2470 que
274 2419 497 2469 marginem
543 2430 633 2463 una,
679 2429 773 2455 mox
818 2414 1140 2461 subdividuntur,
1185 2427 1323 2467 sporas
1361 2414 1385 2451 4
1415 2419 1668 2465 generantes.

154 2485 396 2525 Stichidium
427 2489 626 2523 maturum
657 2484 734 2523 hoc
763 2483 884 2521 modo
916 2481 1179 2521 vittae-forme
1210 2486 1250 2520 et
1280 2494 1331 2519 ex
1370 2481 1546 2532 ancipite
1577 2481 1665 2520 sub-

152 2554 330 2606 planum,
376 2564 490 2590 secus
535 2556 687 2590 costam
719 2554 760 2595 (a
790 2550 885 2588 tubo
932 2548 1100 2587 centrali
1133 2553 1173 2586 et
1202 2547 1440 2600 siphonibus
1483 2547 1666 2586 indivisis

152 2620 310 2659 duobus
341 2619 619 2666 constitutam)
650 2618 796 2656 seriem
828 2615 1014 2666 utrinque
1045 2615 1383 2667 longitudinalem
1415 2614 1665 2666 sphaerospo-

155 2700 302 2734 rarum,
335 2691 387 2732 et,
419 2690 536 2724 extra
567 2684 881 2737 sphaerosporas‚
898 2682 1065 2720 cellulas
1084 2681 1325 2733 marginales
1343 2680 1554 2719 exhibens.
1588 2680 1665 2718 Sti-

154 2754 348 2800 chidium,
379 2765 432 2790 ex
463 2752 579 2803 apice
625 2751 683 2789 fili
728 2751 1068 2795 transformatum,
1100 2748 1248 2787 sensim
1294 2747 1334 2785 in
1381 2746 1493 2785 filum
1530 2745 1664 2784 sterile

151 2820 339 2858 deorsum
385 2818 481 2865 abit,
526 2818 642 2869 apice
683 2830 792 2869 saepe
823 2817 863 2855 in
894 2815 962 2853 fila
1007 2815 1161 2853 minuta
1190 2815 1214 2853 3
1246 2818 1431 2864 (quarum
1475 2813 1662 2851 interme-

151 2887 263 2924 dium
293 2885 451 2924 articuli
482 2885 615 2923 media
646 2888 773 2937 parte,
803 2882 1048 2933 marginales
1089 2881 1247 2920 cellulis
1278 2880 1565 2931 marginalibus
1595 2879 1660 2918 de—
