1728 3110
105 91 122 132 l
139 92 155 132 1
170 92 191 132 7
201 91 224 132 0
719 93 1001 139 Rnonourfflffi.
1367 104 1608 160 Polyeonicc.

898 170 908 184 N

204 224 345 259 zonata
375 233 480 260 vena
509 221 645 261 media
673 234 874 275 percursa,
906 226 1104 266 stichidiis
1122 241 1272 270 aramo
1296 231 1462 272 incurvo
1480 237 1606 272 trans-

202 287 382 326 formatis
413 289 586 328 arcuatis
617 294 845 330 extrorsum
874 293 1004 340 nudis,
1035 296 1190 335 ramulo
1221 310 1332 336 nunc
1348 300 1604 339 continuatis.

184 378 364 410 Amansia
387 379 765 422 Jungerrnannioides
791 381 908 416 Mart.
938 386 972 416 et
995 383 1137 428 Herz'ny
1165 385 1188 419 Z.
1214 395 1242 420 c.
1268 396 1349 421 cum
1372 389 1510 423 iconeI!

182 435 385 478 Polyzonia
410 438 786 480 ‚Jungermannioides
825 439 857 474 J.
884 441 953 485 Ay.
979 441 1099 485 Symb.
1124 444 1164 477 in
1187 444 1344 480 Limzcea
1371 447 1456 482 XV.
1476 458 1517 491 p.
1543 451 1605 483 25!

93 491 259 526 Zamzrd.
286 492 368 537 Azy.
393 504 486 528 mar.
512 494 616 529 rubr.
636 506 678 539 p.
704 498 766 531 47!

183 553 359 586 Leveillia
384 555 759 597 ‚Jungermannioides
783 556 903 591 Harv.
930 558 1032 592 Mar.
1053 558 1136 593 Bot.
1151 559 1192 603 Of
1208 560 1314 596 West.
1330 562 1510 607 Ausanp.
1526 566 1603 600 539.

182 611 360 644 Amansia
385 612 591 657 Schimperi
619 613 760 648 Decsne
782 615 822 648 in
851 616 947 650 Arm.
974 616 1031 651 Sc.
1058 617 1147 652 Nat.
1175 620 1263 654 1839
1283 630 1323 663 p.
1350 623 1428 656 373.

182 669 366 701 Leveillea
391 670 596 715 Schimperi
623 672 761 707 Deesne
784 674 824 707 in
849 674 962 709 Arca.
988 675 1039 709 du
1064 677 1167 711 Mus.
1192 678 1246 712 II.
1268 689 1308 721 p.
1337 680 1402 714 161
1428 680 1500 715 tab.
1534 681 1605 716 VI!

88 723 199 759 Sond.
225 725 283 759 Pl.
309 726 447 762 Prez'ss.
473 729 528 763 II.
549 739 590 772 p.
617 731 693 765 111.
731 732 850 766 Harv.
889 733 978 768 Ner.
1017 735 1149 769 Austr.
1170 745 1210 778 p.
1238 738 1292 771 72.
1331 737 1443 782 Plzye.
1481 744 1601 775 (lustr.

88 783 160 817 tab.
191 782 376 820 CLXXI!
398 786 510 821 Krete.
536 788 600 831 Sp.
628 790 708 834 Aly.
730 800 770 833 10.
797 793 880 825 882!

176 844 361 877 Leveillea
397 848 546 889 gracilis
584 848 724 882 Decsne
758 850 798 882 in
835 850 934 884 Aom.
972 850 1028 886 Sc.
1067 852 1156 887 Nat.
1188 855 1288 889 1839.
1310 864 1351 898 p.
1380 857 1457 890 376.
1483 856 1603 890 Mont.

97 899 178 943 Voy.
204 900 336 936 Bom'te
354 912 395 945 p.
423 906 477 938 95.
507 903 586 939 Pol.
613 905 702 949 δρᾶ.
723 916 764 949 p.
792 908 869 942 145.
894 908 1006 943 Kate.
1032 909 1097 953 Sp.
1118 921 1159 954 p.
1185 914 1266 947 882!

178 960 380 1003 Polyzonia
406 964 560 1007 Wight-ii
589 963 695 998 Grev.
720 975 825 999 mser.

177 1020 320 1053 Exsicc.
346 1020 466 1055 Harv.
495 1020 590 1065 Oeyl.
618 1022 700 1066 Azy.
726 1034 785 1058 nco
810 1025 847 1058 G!
876 1024 957 1068 Azy.
985 1025 1117 1060 Austr.
1144 1037 1204 1061 wo
1229 1028 1312 1061 149!

191 1112 294 1152 Hah.
325 1115 374 1153 ad
406 1116 517 1167 algas
547 1118 720 1168 majores
751 1118 790 1157 in
822 1120 922 1158 mari
952 1121 1073 1160 rubro
1114 1121 1366 1175 (Schimperl
1398 1124 1600 1175 aliique!)‚

84 1178 249 1218 Oceano
280 1180 421 1221 Indico
453 1183 637 1236 (wig-ht!
670 1186 847 1238 Harvey!
879 1191 975 1233 etc.)
1007 1192 1047 1226 et
1077 1187 1254 1228 Australi
1286 1189 1466 1237 (Sieberl
1499 1191 1598 1230 Har-

81 1248 175 1298 vey!
209 1251 317 1297 eta).

175 1340 292 1372 Frons
321 1341 492 1384 pollicem
520 1345 747 1387 expansione
772 1345 994 1390 plerumque
1021 1357 1093 1380 non
1122 1358 1358 1392 exsuperans,
1379 1358 1490 1392 super
1506 1349 1596 1382 alias

79 1396 181 1439 algas
209 1408 351 1441 repenS,
379 1400 631 1445 radiculisque
657 1404 760 1445 apice
786 1405 961 1437 scutatim
994 1407 1168 1448 expansis
1195 1406 1338 1446 adnata,
1365 1407 1448 1450 plus
1473 1409 1596 1441 minus

79 1465 233 1495 ramosa,
261 1458 398 1490 sterilis
425 1459 630 1502 simplicior
658 1461 890 1505 surculisque
917 1463 1152 1505 longioribus
1178 1468 1340 1502 extensa..
1365 1465 1498 1498 fertilis
1521 1476 1596 1498 ma-

78 1513 134 1555 gis
159 1524 317 1553 ramosa,
343 1517 444 1558 apice
470 1527 615 1550 sursum
643 1519 796 1551 incurvo
824 1522 961 1553 sensim
989 1521 1141 1555 evoluto
1167 1523 1385 1563 increscens,
1411 1523 1595 1556 radiculas

78 1571 260 1612 deorsum,
289 1574 377 1606 folia
402 1585 547 1608 sursum
577 1586 769 1618 generans
808 1579 913 1612 Folia
939 1581 975 1612 in
1003 1584 1107 1623 parte
1128 1580 1278 1623 juniore
1295 1592 1440 1615 sursum
1467 1592 1594 1614 secun·

77 1629 163 1662 (lata
187 1634 224 1662 at
253 1631 423 1665 bifariam
462 1635 643 1674 ordinata,
680 1637 816 1669 sensim
856 1638 1085 1670 subdistiche
1122 1649 1285 1682 expansa
1318 1643 1354 1672 et
1379 1640 1530 1680 alterna,
1556 1640 1593 1672 in

75 1687 202 1730 planta
227 1690 416 1731 graciliori
445 1696 481 1724 et
507 1695 624 1736 magis
664 1694 837 1738 elongata
862 1696 909 1729 ad
935 1697 1148 1739 geniculum
1183 1698 1358 1742 quodque
1391 1698 1593 1731 secundum

75 1747 126 1787 [si
151 1750 249 1779 recte
278 1748 454 1793 viderim)
482 1762 611 1784 revera
637 1753 874 1795 egredientia.
910 1756 947 1788 in
981 1755 1107 1798 planta
1133 1756 1305 1790 breviore
1332 1760 1368 1790 et
1393 1759 1510 1801 magis
1536 1769 1592 1791 ra-

75 1813 178 1837 mosa
203 1806 253 1837 ita
279 1806 392 1839 dense
418 1809 614 1843 imbricata
639 1814 681 1844 ut
708 1812 879 1845 ordinem
921 1813 1175 1857 dispositionis
1212 1816 1275 1848 vix
1308 1816 1416 1848 liceat
1442 1826 1592 1860 eruere3

75 1865 162 1894 sunt
188 1863 338 1907 oblique
365 1868 553 1900 verticalia
585 1872 743 1914 utroque
772 1872 937 1914 margine
952 1873 1203 1915 integerrima,
1219 1884 1311 1906 vena
1326 1874 1489 1907 medium
1510 1875 1590 1908 solii

73 1921 149 1952 sere
177 1928 418 1964 percurrente
444 1927 633 1964 instructa,
664 1928 742 1961 basi
770 1929 903 1962 latiore
930 1931 1074 1963 sessilia
1100 1931 1183 1974 plus
1210 1934 1332 1965 minus
1355 1933 1590 1966 decurrentia

72 1982 134 2012 aut
170 1982 346 2024 utrinque
383 1984 420 2015 in
457 1985 699 2027 appendicem
745 1989 989 2028 excurrentia,
1021 1989 1174 2030 juniora
1211 1990 1433 2035 plerumque
1471 1993 1590 2034 magis

72 2038 246 2081 elongat-a
283 2039 620 2076 lanceolam-ovata
660 2055 819 2088 superne
857 2046 893 2078 in
921 2047 1023 2080 filum
1064 2049 1167 2091 apice
1205 2049 1457 2092 penicillatum
1496 2052 1590 2082 atte-

71 2099 193 2136 nuata,
223 2097 411 2131 adultiora
436 2100 618 2141 breviora,
645 2104 761 2145 magis
789 2104 1127 2146 rotundato-ovata,
1167 2107 1338 2139 acumine
1371 2107 1475 2140 brevi
1502 2108 1589 2141 sub—

70 2166 228 2189 recurvo
257 2158 388 2200 saepius
413 2159 611 2202 instructa3
646 2160 780 2193 lamina
808 2163 915 2195 unica
946 2167 1090 2196 constat
1129 2166 1222 2197 serie
1249 2165 1480 2206 cellularum,
1507 2177 1587 2210 quae

70 2215 145 2246 fere
172 2214 375 2258 hexagonae
404 2219 506 2250 zonis
535 2220 843 2253 transversalibus
870 2232 889 2253 a
915 2232 1005 2254 vena
1034 2223 1154 2255 media
1191 2223 1324 2256 leviter
1361 2225 1586 2258 adscenden-

70 2274 169 2306 tibus
198 2274 461 2316 disponuntur.
511 2276 690 2310 Stichidia
720 2287 740 2309 a
764 2289 868 2312 ramo
908 2281 1062 2313 incurvo
1101 2282 1364 2315 transformata
1402 2287 1438 2315 et
1475 2294 1587 2327 supra

68 2331 241 2364 axillaria
267 2336 330 2365 aut
357 2338 505 2376 (nempe
532 2335 659 2375 initio)
687 2336 877 2379 simplicia,
897 2340 960 2370 aut
989 2339 1195 2378 (adultiora
1221 2341 1466 2381 etinferiora)
1492 2342 1586 2374 infra

68 2390 209 2431 apicem
235 2390 272 2422 in
299 2391 485 2424 ramulum
528 2395 789 2434 excrescentia,
827 2396 889 2438 qui
931 2405 998 2428 suo
1025 2397 1154 2429 ordine
1179 2398 1250 2430 sert
1276 2397 1448 2431 stichidia
1474 2409 1586 2443 supra

68 2447 241 2480 axillaria
269 2450 304 2480 et
330 2449 533 2493 simplicia,
573 2451 717 2494 singula
755 2455 842 2485 sunt
880 2456 1037 2493 arcuata,
1063 2458 1276 2489 extrorsum
1314 2457 1452 2490 fertilia
1478 2461 1514 2490 et
1538 2458 1583 2491 ad

67 2506 239 2549 genicula
276 2510 473 2544 contracta,
511 2510 716 2543 introrsum
744 2512 847 2554 quasi
878 2522 1014 2544 venosa
1040 2516 1075 2545 et
1102 2514 1252 2555 sterilia,
1278 2516 1423 2548 unicam
1451 2517 1582 2549 seriem

68 2563 407 2607 sphaerosporarum
434 2569 659 2609 generantia.
687 2568 902 2602 Substantia.
931 2571 1229 2616 membranacea3
1256 2573 1360 2606 color
1375 2575 1581 2608 coccineus.

156 2622 425 2657 Adnotandum
452 2625 600 2658 videtur
638 2626 810 2660 stichidia
836 2629 959 2660 omnia
984 2630 1091 2663 initio
1132 2630 1314 2674 simplicia
1348 2642 1436 2672 esse,
1472 2633 1581 2666 adul-

66 2680 162 2712 tiora
205 2683 329 2713 autem
374 2684 409 2713 et
452 2685 637 2726 praecipue
681 2684 950 2728 sphaerosporis
995 2687 1235 2721 inferioribus
1273 2690 1414 2722 emissis
1451 2691 1580 2723 effoeta

67 2740 202 2771 sensim
238 2741 277 2772 in
314 2740 501 2773 ramulum
539 2752 761 2784 excrescere,
799 2745 862 2788 qui
900 2754 967 2778 suo
1006 2746 1137 2779 ordine
1174 2747 1245 2779 fert
1272 2747 1443 2780 stichidia
1471 2747 1578 2790 juve·

65 2795 155 2828 nilia
180 2799 216 2829 et
240 2798 441 2842 simplicia·7
467 2801 644 2840 ramulus,
678 2801 746 2835 hoc
782 2802 893 2836 modo
920 2805 1033 2844 ortus,
1071 2815 1145 2838 non
1186 2815 1231 2838 ex
1268 2807 1371 2849 apice
1395 2806 1475 2849 ipso
1512 2807 1576 2839 sti-

67 2851 176 2886 chidii
204 2855 266 2887 sed
292 2853 395 2897 infra
422 2858 560 2903 apicem
587 2860 717 2901 oritur,
742 2861 794 2896 ita
819 2862 861 2894 ut
886 2871 970 2904 pars
995 2863 1150 2897 inferior
1176 2863 1574 2906 stiehidiiasuperiore
