<?xml version="1.0" encoding="UTF-8"?>
<!DOCTYPE html PUBLIC "-//W3C//DTD XHTML 1.0 Transitional//EN"
    "http://www.w3.org/TR/xhtml1/DTD/xhtml1-transitional.dtd">
<html xmlns="http://www.w3.org/1999/xhtml" xml:lang="en" lang="en">
 <head>
  <title>
</title>
<meta http-equiv="Content-Type" content="text/html;charset=utf-8" />
  <meta name='ocr-system' content='tesseract 3.04.00' />
  <meta name='ocr-capabilities' content='ocr_page ocr_carea ocr_par ocr_line ocrx_word'/>
</head>
<body>
  <div class='ocr_page' id='page_1' title='image "./speciesgeneraeto0203agar_0462.png"; bbox 0 0 1728 3110; ppageno 0'>
   <div class='ocr_carea' id='block_1_1' title="bbox 103 117 1604 179">
    <p class='ocr_par' dir='ltr' id='par_1_1' title="bbox 103 117 1604 179">
     <span class='ocr_line' id='line_1_1' title="bbox 103 117 1604 179; baseline 0.006 -21"><span class='ocrx_word' id='word_1_1' title='bbox 103 118 119 158; x_wconf 81' lang='lat'><strong>1</strong></span> <span class='ocrx_word' id='word_1_2' title='bbox 136 118 152 158; x_wconf 82' lang='lat'>1</span> <span class='ocrx_word' id='word_1_3' title='bbox 167 117 221 159; x_wconf 68' lang='lat'>72</span> <span class='ocrx_word' id='word_1_4' title='bbox 715 117 996 160; x_wconf 76' lang='lat' dir='ltr'><strong>RHODOMELEAE.</strong></span> <span class='ocrx_word' id='word_1_5' title='bbox 1440 124 1604 179; x_wconf 69' lang='lat' dir='ltr'>Dasya.</span> 
     </span>
    </p>
   </div>
   <div class='ocr_carea' id='block_1_2' title="bbox 94 247 1607 788">
    <p class='ocr_par' dir='ltr' id='par_1_2' title="bbox 94 247 1607 788">
     <span class='ocr_line' id='line_1_2' title="bbox 94 247 1606 319; baseline 0.005 -18"><span class='ocrx_word' id='word_1_6' title='bbox 94 247 346 301; x_wconf 69' lang='lat' dir='ltr'>CXLlX.</span> <span class='ocrx_word' id='word_1_7' title='bbox 388 248 566 300; x_wconf 76' lang='lat' dir='ltr'>DASYA</span> <span class='ocrx_word' id='word_1_8' title='bbox 605 265 644 303; x_wconf 79' lang='lat' dir='ltr'>C.</span> <span class='ocrx_word' id='word_1_9' title='bbox 675 265 749 314; x_wconf 65' lang='lat' dir='ltr'>Ay.</span> <span class='ocrx_word' id='word_1_10' title='bbox 783 266 882 316; x_wconf 70' lang='lat' dir='ltr'>Syst.</span> <span class='ocrx_word' id='word_1_11' title='bbox 912 267 1001 316; x_wconf 67' lang='lat' dir='ltr'><em>Aly.</em></span> <span class='ocrx_word' id='word_1_12' title='bbox 1030 281 1091 307; x_wconf 65' lang='lat' dir='ltr'>wo</span> <span class='ocrx_word' id='word_1_13' title='bbox 1121 268 1182 309; x_wconf 80' lang='lat'>78.</span> <span class='ocrx_word' id='word_1_14' title='bbox 1231 270 1333 318; x_wconf 69' lang='lat' dir='ltr'>Spee.</span> <span class='ocrx_word' id='word_1_15' title='bbox 1364 270 1451 319; x_wconf 67' lang='lat' dir='ltr'>Aly.</span> <span class='ocrx_word' id='word_1_16' title='bbox 1481 271 1540 308; x_wconf 87' lang='lat' dir='ltr'>II.</span> <span class='ocrx_word' id='word_1_17' title='bbox 1564 283 1606 318; x_wconf 73' lang='lat' dir='ltr'>p.</span> 
     </span>
     <span class='ocr_line' id='line_1_3' title="bbox 203 331 1606 384; baseline 0.005 -15"><span class='ocrx_word' id='word_1_18' title='bbox 203 331 290 370; x_wconf 83' lang='lat'>116.</span> <span class='ocrx_word' id='word_1_19' title='bbox 319 333 354 371; x_wconf 67' lang='lat' dir='ltr'><strong><em>J</em></strong></span> <span class='ocrx_word' id='word_1_20' title='bbox 384 332 457 381; x_wconf 68' lang='lat' dir='ltr'>Ay.</span> <span class='ocrx_word' id='word_1_21' title='bbox 491 332 615 381; x_wconf 70' lang='lat' dir='ltr'>Symb.</span> <span class='ocrx_word' id='word_1_22' title='bbox 639 346 680 381; x_wconf 74' lang='lat' dir='ltr'>p.</span> <span class='ocrx_word' id='word_1_23' title='bbox 710 333 774 373; x_wconf 83' lang='lat'>29.</span> <span class='ocrx_word' id='word_1_24' title='bbox 805 335 962 384; x_wconf 69' lang='lat' dir='ltr'>Harvey</span> <span class='ocrx_word' id='word_1_25' title='bbox 993 336 1061 373; x_wconf 64' lang='grc' dir='ltr'>ΒΥ.</span> <span class='ocrx_word' id='word_1_26' title='bbox 1092 337 1153 374; x_wconf 78' lang='lat' dir='ltr'>Fl.</span> <span class='ocrx_word' id='word_1_27' title='bbox 1175 350 1215 384; x_wconf 76' lang='lat' dir='ltr'>p.</span> <span class='ocrx_word' id='word_1_28' title='bbox 1244 337 1336 376; x_wconf 82' lang='lat'><strong>334.</strong></span> <span class='ocrx_word' id='word_1_29' title='bbox 1360 339 1450 377; x_wconf 76' lang='lat' dir='ltr'>Ner.</span> <span class='ocrx_word' id='word_1_30' title='bbox 1473 338 1606 377; x_wconf 73' lang='lat' dir='ltr'>Austr.</span> 
     </span>
     <span class='ocr_line' id='line_1_4' title="bbox 192 399 1606 455; baseline 0.006 -19"><span class='ocrx_word' id='word_1_31' title='bbox 192 411 233 446; x_wconf 74' lang='lat' dir='ltr'>p.</span> <span class='ocrx_word' id='word_1_32' title='bbox 265 399 329 439; x_wconf 84' lang='lat'>57.</span> <span class='ocrx_word' id='word_1_33' title='bbox 359 404 394 438; x_wconf 72' lang='lat' dir='ltr'>et</span> <span class='ocrx_word' id='word_1_34' title='bbox 421 401 512 439; x_wconf 75' lang='lat' dir='ltr'>Ner.</span> <span class='ocrx_word' id='word_1_35' title='bbox 542 402 635 440; x_wconf 78' lang='lat' dir='ltr'>Bor.</span> <span class='ocrx_word' id='word_1_36' title='bbox 668 401 832 441; x_wconf 58' lang='lat' dir='ltr'>Ameria</span> <span class='ocrx_word' id='word_1_37' title='bbox 858 416 899 450; x_wconf 72' lang='lat'>2).</span> <span class='ocrx_word' id='word_1_38' title='bbox 930 403 990 441; x_wconf 81' lang='lat'>59.</span> <span class='ocrx_word' id='word_1_39' title='bbox 1023 404 1140 442; x_wconf 71' lang='lat' dir='ltr'>Endl.</span> <span class='ocrx_word' id='word_1_40' title='bbox 1173 402 1343 444; x_wconf 62' lang='lat' dir='ltr'>GemPl.</span> <span class='ocrx_word' id='word_1_41' title='bbox 1363 406 1497 455; x_wconf 57' lang='lat' dir='ltr'>Suppl.</span> <span class='ocrx_word' id='word_1_42' title='bbox 1525 407 1606 444; x_wconf 90' lang='lat' dir='ltr'><strong><em>III.</em></strong></span> 
     </span>
     <span class='ocr_line' id='line_1_5' title="bbox 193 467 1605 519; baseline 0.006 -15"><span class='ocrx_word' id='word_1_43' title='bbox 193 479 234 513; x_wconf 75' lang='lat' dir='ltr'>p.</span> <span class='ocrx_word' id='word_1_44' title='bbox 271 467 332 505; x_wconf 75' lang='lat'>44.</span> <span class='ocrx_word' id='word_1_45' title='bbox 377 468 565 508; x_wconf 83' lang='lat' dir='ltr'>Gaillona</span> <span class='ocrx_word' id='word_1_46' title='bbox 607 470 792 508; x_wconf 69' lang='lat' dir='ltr'>Bonnem.</span> <span class='ocrx_word' id='word_1_47' title='bbox 835 471 960 519; x_wconf 72' lang='lat' dir='ltr'>Hydr.</span> <span class='ocrx_word' id='word_1_48' title='bbox 991 484 1032 518; x_wconf 71' lang='lat' dir='ltr'>p.</span> <span class='ocrx_word' id='word_1_49' title='bbox 1063 472 1127 511; x_wconf 82' lang='lat'>65.</span> <span class='ocrx_word' id='word_1_50' title='bbox 1173 472 1438 512; x_wconf 86' lang='lat' dir='ltr'>Rhodonema</span> <span class='ocrx_word' id='word_1_51' title='bbox 1482 474 1605 512; x_wconf 75' lang='lat' dir='ltr'>Mart.</span> 
     </span>
     <span class='ocr_line' id='line_1_6' title="bbox 200 534 1606 592; baseline 0.005 -20"><span class='ocrx_word' id='word_1_52' title='bbox 200 535 301 572; x_wconf 69' lang='lat' dir='ltr'>Reis.</span> <span class='ocrx_word' id='word_1_53' title='bbox 334 536 405 572; x_wconf 62' lang='lat' dir='ltr'>(ab.</span> <span class='ocrx_word' id='word_1_54' title='bbox 436 534 472 573; x_wconf 82' lang='lat'>8.</span> <span class='ocrx_word' id='word_1_55' title='bbox 506 535 789 589; x_wconf 83' lang='lat' dir='ltr'>Stichocarpus</span> <span class='ocrx_word' id='word_1_56' title='bbox 820 537 892 585; x_wconf 65' lang='lat' dir='ltr'>Ay.</span> <span class='ocrx_word' id='word_1_57' title='bbox 925 539 966 575; x_wconf 71' lang='lat' dir='ltr'>m</span> <span class='ocrx_word' id='word_1_58' title='bbox 997 539 1120 577; x_wconf 72' lang='lat' dir='ltr'>Flora</span> <span class='ocrx_word' id='word_1_59' title='bbox 1151 539 1255 578; x_wconf 79' lang='lat'>1827</span> <span class='ocrx_word' id='word_1_60' title='bbox 1278 553 1319 588; x_wconf 74' lang='lat' dir='ltr'>p.</span> <span class='ocrx_word' id='word_1_61' title='bbox 1350 540 1440 579; x_wconf 67' lang='lat'><strong>1336.</strong></span> <span class='ocrx_word' id='word_1_62' title='bbox 1479 540 1606 592; x_wconf 88' lang='lat' dir='ltr'>Aspe-</span> 
     </span>
     <span class='ocr_line' id='line_1_7' title="bbox 201 600 1606 658; baseline 0.005 -20"><span class='ocrx_word' id='word_1_63' title='bbox 201 602 397 641; x_wconf 84' lang='lat' dir='ltr'>rocaulon</span> <span class='ocrx_word' id='word_1_64' title='bbox 446 600 556 641; x_wconf 72' lang='lat' dir='ltr'>Grev.</span> <span class='ocrx_word' id='word_1_65' title='bbox 600 604 717 641; x_wconf 66' lang='lat' dir='ltr'>Edioz.</span> <span class='ocrx_word' id='word_1_66' title='bbox 741 617 783 652; x_wconf 74' lang='lat' dir='ltr'>p.</span> <span class='ocrx_word' id='word_1_67' title='bbox 813 604 905 643; x_wconf 78' lang='lat'>309.</span> <span class='ocrx_word' id='word_1_68' title='bbox 939 606 1072 657; x_wconf 69' lang='lat' dir='ltr'>Dasya</span> <span class='ocrx_word' id='word_1_69' title='bbox 1102 610 1142 644; x_wconf 92' lang='lat' dir='ltr'>et</span> <span class='ocrx_word' id='word_1_70' title='bbox 1170 607 1389 658; x_wconf 78' lang='lat' dir='ltr'>Dasyopsis</span> <span class='ocrx_word' id='word_1_71' title='bbox 1434 607 1606 645; x_wconf 71' lang='lat' dir='ltr'>Zanard.</span> 
     </span>
     <span class='ocr_line' id='line_1_8' title="bbox 204 669 1607 724; baseline 0.004 -18"><span class='ocrx_word' id='word_1_72' title='bbox 204 669 322 717; x_wconf 58' lang='lat' dir='ltr'>Sam.</span> <span class='ocrx_word' id='word_1_73' title='bbox 354 671 499 722; x_wconf 64' lang='lat' dir='ltr'>Dasya,</span> <span class='ocrx_word' id='word_1_74' title='bbox 516 671 796 723; x_wconf 83' lang='lat' dir='ltr'>Lophothalia,</span> <span class='ocrx_word' id='word_1_75' title='bbox 813 673 1115 724; x_wconf 86' lang='lat' dir='ltr'>Eupogonium,</span> <span class='ocrx_word' id='word_1_76' title='bbox 1133 672 1508 720; x_wconf 86' lang='lat' dir='ltr'>Trichothamnion‚</span> <span class='ocrx_word' id='word_1_77' title='bbox 1526 674 1607 712; x_wconf 85' lang='lat' dir='ltr'>Eu-</span> 
     </span>
     <span class='ocr_line' id='line_1_9' title="bbox 200 737 866 788; baseline 0.002 -13"><span class='ocrx_word' id='word_1_78' title='bbox 200 737 390 788; x_wconf 87' lang='lat' dir='ltr'>pogodon</span> <span class='ocrx_word' id='word_1_79' title='bbox 421 738 539 776; x_wconf 60' lang='lat' dir='ltr'>Kz&#39;btz.</span> <span class='ocrx_word' id='word_1_80' title='bbox 569 739 709 787; x_wconf 73' lang='lat' dir='ltr'>Plzycol</span> <span class='ocrx_word' id='word_1_81' title='bbox 739 742 773 777; x_wconf 74' lang='lat' dir='ltr'>et</span> <span class='ocrx_word' id='word_1_82' title='bbox 804 739 866 787; x_wconf 76' lang='lat' dir='ltr'>Sp.</span> 
     </span>
    </p>
   </div>
   <div class='ocr_carea' id='block_1_3' title="bbox 95 837 1609 1751">
    <p class='ocr_par' dir='ltr' id='par_1_3' title="bbox 95 837 1609 1751">
     <span class='ocr_line' id='line_1_10' title="bbox 95 837 1605 893; baseline 0.004 -18"><span class='ocrx_word' id='word_1_83' title='bbox 95 837 219 876; x_wconf 83' lang='lat' dir='ltr'>Frons</span> <span class='ocrx_word' id='word_1_84' title='bbox 250 839 442 878; x_wconf 83' lang='lat' dir='ltr'>coccinea</span> <span class='ocrx_word' id='word_1_85' title='bbox 472 839 591 891; x_wconf 88' lang='lat' dir='ltr'>plana</span> <span class='ocrx_word' id='word_1_86' title='bbox 621 844 690 878; x_wconf 87' lang='lat' dir='ltr'>aut</span> <span class='ocrx_word' id='word_1_87' title='bbox 720 840 934 886; x_wconf 83' lang='lat' dir='ltr'>tiliformis,</span> <span class='ocrx_word' id='word_1_88' title='bbox 966 840 1137 880; x_wconf 90' lang='lat' dir='ltr'>distiche</span> <span class='ocrx_word' id='word_1_89' title='bbox 1176 846 1244 880; x_wconf 87' lang='lat' dir='ltr'>aut</span> <span class='ocrx_word' id='word_1_90' title='bbox 1282 854 1605 893; x_wconf 88' lang='lat' dir='ltr'>quoquoversum</span> 
     </span>
     <span class='ocr_line' id='line_1_11' title="bbox 201 906 1608 959; baseline 0.004 -16"><span class='ocrx_word' id='word_1_91' title='bbox 201 917 359 944; x_wconf 83' lang='lat' dir='ltr'>ramosa</span> <span class='ocrx_word' id='word_1_92' title='bbox 388 906 686 958; x_wconf 66' lang='lat' dir='ltr'>polysiphonia,</span> <span class='ocrx_word' id='word_1_93' title='bbox 718 906 877 945; x_wconf 87' lang='lat' dir='ltr'>cellulis</span> <span class='ocrx_word' id='word_1_94' title='bbox 908 920 1054 959; x_wconf 82' lang='lat' dir='ltr'>nempe</span> <span class='ocrx_word' id='word_1_95' title='bbox 1084 908 1217 947; x_wconf 80' lang='lat'>4—12</span> <span class='ocrx_word' id='word_1_96' title='bbox 1250 909 1356 947; x_wconf 86' lang='lat' dir='ltr'>circa</span> <span class='ocrx_word' id='word_1_97' title='bbox 1388 910 1608 948; x_wconf 82' lang='lat' dir='ltr'>centralem</span> 
     </span>
     <span class='ocr_line' id='line_1_12' title="bbox 201 972 1607 1028; baseline 0.004 -18"><span class='ocrx_word' id='word_1_98' title='bbox 201 972 241 1010; x_wconf 90' lang='lat' dir='ltr'>in</span> <span class='ocrx_word' id='word_1_99' title='bbox 274 973 413 1011; x_wconf 84' lang='lat' dir='ltr'>orbem</span> <span class='ocrx_word' id='word_1_100' title='bbox 445 973 651 1024; x_wconf 72' lang='lat' dir='ltr'>dispositis</span> <span class='ocrx_word' id='word_1_101' title='bbox 689 974 940 1025; x_wconf 68' lang='lat' dir='ltr'>{equelongis</span> <span class='ocrx_word' id='word_1_102' title='bbox 986 979 1191 1022; x_wconf 83' lang='lat' dir='ltr'>contexta,</span> <span class='ocrx_word' id='word_1_103' title='bbox 1222 976 1459 1028; x_wconf 77' lang='lat' dir='ltr'>siphonibus</span> <span class='ocrx_word' id='word_1_104' title='bbox 1490 977 1607 1015; x_wconf 86' lang='lat' dir='ltr'>nudis</span> 
     </span>
     <span class='ocr_line' id='line_1_13' title="bbox 200 1039 1609 1095; baseline 0.004 -19"><span class='ocrx_word' id='word_1_105' title='bbox 200 1039 412 1077; x_wconf 82' lang='lat' dir='ltr'>articulata</span> <span class='ocrx_word' id='word_1_106' title='bbox 441 1044 510 1078; x_wconf 83' lang='lat' dir='ltr'>aut</span> <span class='ocrx_word' id='word_1_107' title='bbox 539 1040 689 1079; x_wconf 83' lang='lat' dir='ltr'>cortice</span> <span class='ocrx_word' id='word_1_108' title='bbox 721 1040 915 1079; x_wconf 89' lang='lat' dir='ltr'>celluloso</span> <span class='ocrx_word' id='word_1_109' title='bbox 948 1041 1132 1080; x_wconf 86' lang='lat' dir='ltr'>obductis</span> <span class='ocrx_word' id='word_1_110' title='bbox 1165 1042 1370 1087; x_wconf 83' lang='lat' dir='ltr'>continua,</span> <span class='ocrx_word' id='word_1_111' title='bbox 1401 1043 1516 1095; x_wconf 90' lang='lat' dir='ltr'>apice</span> <span class='ocrx_word' id='word_1_112' title='bbox 1541 1048 1609 1082; x_wconf 86' lang='lat' dir='ltr'>aut</span> 
     </span>
     <span class='ocr_line' id='line_1_14' title="bbox 201 1105 1608 1162; baseline 0.004 -19"><span class='ocrx_word' id='word_1_113' title='bbox 201 1105 386 1144; x_wconf 88' lang='lat' dir='ltr'>deorsum</span> <span class='ocrx_word' id='word_1_114' title='bbox 420 1106 579 1158; x_wconf 87' lang='lat' dir='ltr'>longius</span> <span class='ocrx_word' id='word_1_115' title='bbox 609 1107 824 1153; x_wconf 78' lang='lat' dir='ltr'>ramulosa,</span> <span class='ocrx_word' id='word_1_116' title='bbox 864 1108 1028 1146; x_wconf 81' lang='lat' dir='ltr'>ramulis</span> <span class='ocrx_word' id='word_1_117' title='bbox 1067 1108 1256 1147; x_wconf 86' lang='lat' dir='ltr'>coloratis</span> <span class='ocrx_word' id='word_1_118' title='bbox 1295 1109 1410 1161; x_wconf 80' lang='lat' dir='ltr'>apice</span> <span class='ocrx_word' id='word_1_119' title='bbox 1440 1114 1508 1148; x_wconf 88' lang='lat' dir='ltr'>aut</span> <span class='ocrx_word' id='word_1_120' title='bbox 1536 1123 1608 1162; x_wconf 85' lang='lat' dir='ltr'>per</span> 
     </span>
     <span class='ocr_line' id='line_1_15' title="bbox 201 1173 1606 1228; baseline 0.005 -19"><span class='ocrx_word' id='word_1_121' title='bbox 201 1176 325 1210; x_wconf 86' lang='lat' dir='ltr'>totam</span> <span class='ocrx_word' id='word_1_122' title='bbox 371 1173 665 1224; x_wconf 81' lang='lat' dir='ltr'>longitudinem</span> <span class='ocrx_word' id='word_1_123' title='bbox 711 1174 1045 1226; x_wconf 80' lang='lat' dir='ltr'>monosiplioniis.</span> <span class='ocrx_word' id='word_1_124' title='bbox 1104 1175 1336 1214; x_wconf 71' lang='lat' dir='ltr'>Keramidia</span> <span class='ocrx_word' id='word_1_125' title='bbox 1379 1177 1606 1228; x_wconf 86' lang='lat' dir='ltr'>ovato-glo-</span> 
     </span>
     <span class='ocr_line' id='line_1_16' title="bbox 201 1238 1606 1295; baseline 0.002 -18"><span class='ocrx_word' id='word_1_126' title='bbox 201 1238 298 1277; x_wconf 87' lang='lat' dir='ltr'>bosa</span> <span class='ocrx_word' id='word_1_127' title='bbox 330 1245 398 1278; x_wconf 83' lang='lat' dir='ltr'>aut</span> <span class='ocrx_word' id='word_1_128' title='bbox 427 1241 779 1292; x_wconf 82' lang='lat' dir='ltr'>ampullaeformia,</span> <span class='ocrx_word' id='word_1_129' title='bbox 820 1241 861 1279; x_wconf 88' lang='lat' dir='ltr'>in</span> <span class='ocrx_word' id='word_1_130' title='bbox 904 1254 1015 1281; x_wconf 85' lang='lat' dir='ltr'>ramo</span> <span class='ocrx_word' id='word_1_131' title='bbox 1046 1242 1203 1281; x_wconf 80' lang='lat' dir='ltr'>minore</span> <span class='ocrx_word' id='word_1_132' title='bbox 1234 1243 1399 1293; x_wconf 79' lang='lat' dir='ltr'>obliqua</span> <span class='ocrx_word' id='word_1_133' title='bbox 1429 1248 1468 1281; x_wconf 86' lang='lat' dir='ltr'>et</span> <span class='ocrx_word' id='word_1_134' title='bbox 1498 1256 1606 1295; x_wconf 85' lang='lat' dir='ltr'>saepe</span> 
     </span>
     <span class='ocr_line' id='line_1_17' title="bbox 200 1307 1605 1362; baseline 0.002 -17"><span class='ocrx_word' id='word_1_135' title='bbox 200 1307 413 1354; x_wconf 63' lang='lat' dir='ltr'>camarata,</span> <span class='ocrx_word' id='word_1_136' title='bbox 458 1308 563 1346; x_wconf 85' lang='lat' dir='ltr'>intra</span> <span class='ocrx_word' id='word_1_137' title='bbox 608 1308 878 1360; x_wconf 80' lang='lat' dir='ltr'>pericarpium</span> <span class='ocrx_word' id='word_1_138' title='bbox 910 1309 1147 1348; x_wconf 88' lang='lat' dir='ltr'>cellulosum</span> <span class='ocrx_word' id='word_1_139' title='bbox 1189 1309 1461 1361; x_wconf 86' lang='lat' dir='ltr'>carpostomio</span> <span class='ocrx_word' id='word_1_140' title='bbox 1491 1322 1605 1362; x_wconf 85' lang='lat' dir='ltr'>aper-</span> 
     </span>
     <span class='ocr_line' id='line_1_18' title="bbox 198 1375 1606 1427; baseline 0.001 -14"><span class='ocrx_word' id='word_1_141' title='bbox 198 1379 281 1413; x_wconf 89' lang='lat' dir='ltr'>tum</span> <span class='ocrx_word' id='word_1_142' title='bbox 314 1375 535 1427; x_wconf 82' lang='lat' dir='ltr'>gemmidia</span> <span class='ocrx_word' id='word_1_143' title='bbox 573 1375 809 1427; x_wconf 65' lang='lat' dir='ltr'>pyriformia</span> <span class='ocrx_word' id='word_1_144' title='bbox 848 1375 887 1414; x_wconf 94' lang='lat' dir='ltr'>in</span> <span class='ocrx_word' id='word_1_145' title='bbox 933 1376 1102 1414; x_wconf 85' lang='lat' dir='ltr'>articulo</span> <span class='ocrx_word' id='word_1_146' title='bbox 1148 1376 1350 1415; x_wconf 82' lang='lat' dir='ltr'>terminali</span> <span class='ocrx_word' id='word_1_147' title='bbox 1394 1377 1553 1416; x_wconf 83' lang='lat' dir='ltr'>filorum</span> <span class='ocrx_word' id='word_1_148' title='bbox 1584 1390 1606 1414; x_wconf 88' lang='lat' dir='ltr'>a</span> 
     </span>
     <span class='ocr_line' id='line_1_19' title="bbox 200 1443 1606 1496; baseline -0.001 -14"><span class='ocrx_word' id='word_1_149' title='bbox 200 1444 387 1496; x_wconf 84' lang='lat' dir='ltr'>placenta</span> <span class='ocrx_word' id='word_1_150' title='bbox 429 1443 671 1482; x_wconf 86' lang='lat' dir='ltr'>radiantium</span> <span class='ocrx_word' id='word_1_151' title='bbox 717 1443 909 1482; x_wconf 88' lang='lat' dir='ltr'>foventia.</span> <span class='ocrx_word' id='word_1_152' title='bbox 986 1444 1177 1482; x_wconf 69' lang='lat' dir='ltr'>Sticlee&#39;dia</span> <span class='ocrx_word' id='word_1_153' title='bbox 1221 1444 1540 1494; x_wconf 84' lang='lat' dir='ltr'>siliquaeformia,</span> <span class='ocrx_word' id='word_1_154' title='bbox 1584 1457 1606 1481; x_wconf 85' lang='lat' dir='ltr'>a</span> 
     </span>
     <span class='ocr_line' id='line_1_20' title="bbox 202 1510 1606 1563; baseline 0 -14"><span class='ocrx_word' id='word_1_155' title='bbox 202 1524 313 1550; x_wconf 88' lang='lat' dir='ltr'>ramo</span> <span class='ocrx_word' id='word_1_156' title='bbox 366 1510 677 1562; x_wconf 88' lang='lat' dir='ltr'>monosiphonio</span> <span class='ocrx_word' id='word_1_157' title='bbox 723 1515 791 1548; x_wconf 82' lang='lat' dir='ltr'>aut</span> <span class='ocrx_word' id='word_1_158' title='bbox 833 1510 1118 1563; x_wconf 68' lang='lat' dir='ltr'>polysiphonio</span> <span class='ocrx_word' id='word_1_159' title='bbox 1163 1510 1458 1558; x_wconf 84' lang='lat' dir='ltr'>transformata,</span> <span class='ocrx_word' id='word_1_160' title='bbox 1502 1511 1606 1549; x_wconf 83' lang='lat' dir='ltr'>intra</span> 
     </span>
     <span class='ocr_line' id='line_1_21' title="bbox 200 1577 1604 1629; baseline 0 -13"><span class='ocrx_word' id='word_1_161' title='bbox 200 1579 391 1617; x_wconf 79' lang='lat' dir='ltr'>articulos</span> <span class='ocrx_word' id='word_1_162' title='bbox 444 1578 745 1629; x_wconf 78' lang='lat' dir='ltr'>sphaerosporas</span> <span class='ocrx_word' id='word_1_163' title='bbox 784 1590 1017 1617; x_wconf 87' lang='lat' dir='ltr'>numerosas</span> <span class='ocrx_word' id='word_1_164' title='bbox 1055 1577 1316 1616; x_wconf 84' lang='lat' dir='ltr'>verticillatas</span> <span class='ocrx_word' id='word_1_165' title='bbox 1360 1582 1428 1617; x_wconf 84' lang='lat' dir='ltr'>aut</span> <span class='ocrx_word' id='word_1_166' title='bbox 1475 1581 1604 1628; x_wconf 87' lang='lat' dir='ltr'>(raro)</span> 
     </span>
     <span class='ocr_line' id='line_1_22' title="bbox 200 1644 1605 1697; baseline -0.001 -14"><span class='ocrx_word' id='word_1_167' title='bbox 200 1646 425 1697; x_wconf 80' lang='lat' dir='ltr'>pauciores,</span> <span class='ocrx_word' id='word_1_168' title='bbox 457 1657 561 1683; x_wconf 90' lang='lat' dir='ltr'>nunc</span> <span class='ocrx_word' id='word_1_169' title='bbox 605 1645 712 1682; x_wconf 86' lang='lat' dir='ltr'>linea</span> <span class='ocrx_word' id='word_1_170' title='bbox 757 1644 894 1696; x_wconf 83' lang='lat' dir='ltr'>spirali</span> <span class='ocrx_word' id='word_1_171' title='bbox 940 1645 1168 1696; x_wconf 67' lang='lat' dir='ltr'>dispositas,</span> <span class='ocrx_word' id='word_1_172' title='bbox 1211 1645 1411 1696; x_wconf 88' lang='lat' dir='ltr'>triangule</span> <span class='ocrx_word' id='word_1_173' title='bbox 1456 1645 1605 1683; x_wconf 90' lang='lat' dir='ltr'>divisas</span> 
     </span>
     <span class='ocr_line' id='line_1_23' title="bbox 202 1711 1603 1751; baseline -0.001 -1"><span class='ocrx_word' id='word_1_174' title='bbox 202 1712 393 1751; x_wconf 83' lang='lat' dir='ltr'>foventia.</span> <span class='ocrx_word' id='word_1_175' title='bbox 452 1711 689 1749; x_wconf 67' lang='lat' dir='ltr'>Anthmdia</span> <span class='ocrx_word' id='word_1_176' title='bbox 731 1711 942 1750; x_wconf 83' lang='lat' dir='ltr'>lancoidea</span> <span class='ocrx_word' id='word_1_177' title='bbox 984 1712 1126 1751; x_wconf 89' lang='lat' dir='ltr'>conica</span> <span class='ocrx_word' id='word_1_178' title='bbox 1163 1713 1212 1750; x_wconf 87' lang='lat' dir='ltr'>ad</span> <span class='ocrx_word' id='word_1_179' title='bbox 1257 1725 1389 1750; x_wconf 87' lang='lat' dir='ltr'>ramos</span> <span class='ocrx_word' id='word_1_180' title='bbox 1434 1711 1603 1750; x_wconf 88' lang='lat' dir='ltr'>sessilia.</span> 
     </span>
    </p>
   </div>
   <div class='ocr_carea' id='block_1_4' title="bbox 200 1779 1110 1829">
    <p class='ocr_par' dir='ltr' id='par_1_4' title="bbox 200 1779 1110 1829">
     <span class='ocr_line' id='line_1_24' title="bbox 200 1779 1110 1829; baseline 0 -12"><span class='ocrx_word' id='word_1_181' title='bbox 200 1780 337 1829; x_wconf 49' lang='lat' dir='ltr'>(Kritz.</span> <span class='ocrx_word' id='word_1_182' title='bbox 368 1781 520 1828; x_wconf 73' lang='lat' dir='ltr'>Pleycol.</span> <span class='ocrx_word' id='word_1_183' title='bbox 548 1792 633 1828; x_wconf 62' lang='lat'>96‘22·</span> <span class='ocrx_word' id='word_1_184' title='bbox 669 1780 758 1817; x_wconf 71' lang='lat' dir='ltr'>Tab.</span> <span class='ocrx_word' id='word_1_185' title='bbox 789 1779 853 1817; x_wconf 81' lang='lat'>50.</span> <span class='ocrx_word' id='word_1_186' title='bbox 885 1780 927 1825; x_wconf 87' lang='lat' dir='ltr'>I,·</span> <span class='ocrx_word' id='word_1_187' title='bbox 959 1779 1022 1817; x_wconf 85' lang='lat'>51.</span> <span class='ocrx_word' id='word_1_188' title='bbox 1054 1780 1110 1817; x_wconf 90' lang='lat' dir='ltr'>II.</span> 
     </span>
    </p>
   </div>
   <div class='ocr_carea' id='block_1_5' title="bbox 91 1870 1605 2924">
    <p class='ocr_par' dir='ltr' id='par_1_5' title="bbox 91 1870 1605 2924">
     <span class='ocr_line' id='line_1_25' title="bbox 200 1870 1604 1923; baseline 0.001 -15"><span class='ocrx_word' id='word_1_189' title='bbox 200 1871 381 1910; x_wconf 89' lang='lat' dir='ltr'>Frondes</span> <span class='ocrx_word' id='word_1_190' title='bbox 411 1871 609 1923; x_wconf 84' lang='lat' dir='ltr'>ancipites</span> <span class='ocrx_word' id='word_1_191' title='bbox 639 1883 881 1923; x_wconf 84' lang='lat' dir='ltr'>compressae</span> <span class='ocrx_word' id='word_1_192' title='bbox 921 1875 989 1909; x_wconf 88' lang='lat' dir='ltr'>aut</span> <span class='ocrx_word' id='word_1_193' title='bbox 1019 1870 1242 1917; x_wconf 77' lang='lat' dir='ltr'>filiformes,</span> <span class='ocrx_word' id='word_1_194' title='bbox 1273 1871 1604 1923; x_wconf 84' lang='lat' dir='ltr'>simpliciusculae</span> 
     </span>
     <span class='ocr_line' id='line_1_26' title="bbox 91 1936 1603 1989; baseline 0.002 -16"><span class='ocrx_word' id='word_1_195' title='bbox 91 1941 158 1974; x_wconf 86' lang='lat' dir='ltr'>aut</span> <span class='ocrx_word' id='word_1_196' title='bbox 187 1936 331 1975; x_wconf 89' lang='lat' dir='ltr'>iterum</span> <span class='ocrx_word' id='word_1_197' title='bbox 363 1937 590 1988; x_wconf 86' lang='lat' dir='ltr'>iterumque</span> <span class='ocrx_word' id='word_1_198' title='bbox 620 1950 804 1984; x_wconf 80' lang='lat' dir='ltr'>ramosae,</span> <span class='ocrx_word' id='word_1_199' title='bbox 822 1950 893 1989; x_wconf 88' lang='lat' dir='ltr'>per</span> <span class='ocrx_word' id='word_1_200' title='bbox 908 1941 1032 1976; x_wconf 89' lang='lat' dir='ltr'>totam</span> <span class='ocrx_word' id='word_1_201' title='bbox 1064 1937 1359 1989; x_wconf 80' lang='lat' dir='ltr'>longitudinem</span> <span class='ocrx_word' id='word_1_202' title='bbox 1390 1937 1603 1977; x_wconf 85' lang='lat' dir='ltr'>ramulosae</span> 
     </span>
     <span class='ocr_line' id='line_1_27' title="bbox 91 2003 1605 2056; baseline 0.002 -16"><span class='ocrx_word' id='word_1_203' title='bbox 91 2008 159 2041; x_wconf 86' lang='lat' dir='ltr'>aut</span> <span class='ocrx_word' id='word_1_204' title='bbox 188 2003 347 2041; x_wconf 89' lang='lat' dir='ltr'>inferne</span> <span class='ocrx_word' id='word_1_205' title='bbox 376 2004 541 2042; x_wconf 87' lang='lat' dir='ltr'>ramulis</span> <span class='ocrx_word' id='word_1_206' title='bbox 585 2005 798 2043; x_wconf 86' lang='lat' dir='ltr'>denudatae</span> <span class='ocrx_word' id='word_1_207' title='bbox 828 2016 1001 2056; x_wconf 87' lang='lat' dir='ltr'>superne</span> <span class='ocrx_word' id='word_1_208' title='bbox 1031 2004 1290 2056; x_wconf 82' lang='lat' dir='ltr'>penicillatae,</span> <span class='ocrx_word' id='word_1_209' title='bbox 1322 2005 1506 2055; x_wconf 84' lang='lat' dir='ltr'>juniores</span> <span class='ocrx_word' id='word_1_210' title='bbox 1538 2009 1605 2043; x_wconf 89' lang='lat' dir='ltr'>aut</span> 
     </span>
     <span class='ocr_line' id='line_1_28' title="bbox 91 2071 1602 2122; baseline 0.002 -15"><span class='ocrx_word' id='word_1_211' title='bbox 91 2074 203 2121; x_wconf 84' lang='lat' dir='ltr'>parte</span> <span class='ocrx_word' id='word_1_212' title='bbox 235 2082 422 2122; x_wconf 84' lang='lat' dir='ltr'>suprema</span> <span class='ocrx_word' id='word_1_213' title='bbox 445 2071 619 2120; x_wconf 80' lang='lat' dir='ltr'>juvenili</span> <span class='ocrx_word' id='word_1_214' title='bbox 652 2071 888 2117; x_wconf 84' lang='lat' dir='ltr'>articulatae,</span> <span class='ocrx_word' id='word_1_215' title='bbox 919 2071 1139 2110; x_wconf 84' lang='lat' dir='ltr'>adultiores</span> <span class='ocrx_word' id='word_1_216' title='bbox 1171 2075 1239 2110; x_wconf 83' lang='lat' dir='ltr'>aut</span> <span class='ocrx_word' id='word_1_217' title='bbox 1254 2076 1349 2110; x_wconf 85' lang='lat' dir='ltr'>totae</span> <span class='ocrx_word' id='word_1_218' title='bbox 1365 2071 1602 2117; x_wconf 81' lang='lat' dir='ltr'>articulutae,</span> 
     </span>
     <span class='ocr_line' id='line_1_29' title="bbox 91 2137 1601 2189; baseline 0.001 -15"><span class='ocrx_word' id='word_1_219' title='bbox 91 2142 159 2174; x_wconf 87' lang='lat' dir='ltr'>aut</span> <span class='ocrx_word' id='word_1_220' title='bbox 188 2137 276 2188; x_wconf 88' lang='lat' dir='ltr'>plus</span> <span class='ocrx_word' id='word_1_221' title='bbox 308 2137 438 2175; x_wconf 88' lang='lat' dir='ltr'>minus</span> <span class='ocrx_word' id='word_1_222' title='bbox 469 2137 686 2183; x_wconf 77' lang='lat' dir='ltr'>eortieatae,</span> <span class='ocrx_word' id='word_1_223' title='bbox 717 2149 825 2189; x_wconf 85' lang='lat' dir='ltr'>saepe</span> <span class='ocrx_word' id='word_1_224' title='bbox 856 2137 1007 2176; x_wconf 89' lang='lat' dir='ltr'>cortice</span> <span class='ocrx_word' id='word_1_225' title='bbox 1031 2138 1220 2177; x_wconf 85' lang='lat' dir='ltr'>densiore</span> <span class='ocrx_word' id='word_1_226' title='bbox 1237 2138 1452 2177; x_wconf 73' lang='lat' dir='ltr'>continues.</span> <span class='ocrx_word' id='word_1_227' title='bbox 1486 2138 1601 2175; x_wconf 84' lang='lat' dir='ltr'>Rami</span> 
     </span>
     <span class='ocr_line' id='line_1_30' title="bbox 92 2204 1603 2256; baseline 0.001 -15"><span class='ocrx_word' id='word_1_228' title='bbox 92 2204 225 2242; x_wconf 83' lang='lat' dir='ltr'>frondi</span> <span class='ocrx_word' id='word_1_229' title='bbox 268 2204 511 2251; x_wconf 84' lang='lat' dir='ltr'>conformes,</span> <span class='ocrx_word' id='word_1_230' title='bbox 557 2204 777 2243; x_wconf 88' lang='lat' dir='ltr'>dichotomi</span> <span class='ocrx_word' id='word_1_231' title='bbox 822 2209 889 2242; x_wconf 85' lang='lat' dir='ltr'>aut</span> <span class='ocrx_word' id='word_1_232' title='bbox 932 2205 1130 2256; x_wconf 83' lang='lat' dir='ltr'>pinnatim</span> <span class='ocrx_word' id='word_1_233' title='bbox 1175 2206 1308 2252; x_wconf 83' lang='lat' dir='ltr'>divisi,</span> <span class='ocrx_word' id='word_1_234' title='bbox 1345 2205 1505 2244; x_wconf 84' lang='lat' dir='ltr'>distichi</span> <span class='ocrx_word' id='word_1_235' title='bbox 1536 2209 1603 2243; x_wconf 89' lang='lat' dir='ltr'>aut</span> 
     </span>
     <span class='ocr_line' id='line_1_31' title="bbox 91 2271 1601 2324; baseline 0.003 -17"><span class='ocrx_word' id='word_1_236' title='bbox 91 2282 415 2320; x_wconf 86' lang='lat' dir='ltr'>quoquoversum</span> <span class='ocrx_word' id='word_1_237' title='bbox 461 2274 670 2317; x_wconf 81' lang='lat' dir='ltr'>exeuntes,</span> <span class='ocrx_word' id='word_1_238' title='bbox 715 2271 831 2322; x_wconf 86' lang='lat' dir='ltr'>apice</span> <span class='ocrx_word' id='word_1_239' title='bbox 872 2276 939 2309; x_wconf 84' lang='lat' dir='ltr'>aut</span> <span class='ocrx_word' id='word_1_240' title='bbox 980 2272 1166 2310; x_wconf 88' lang='lat' dir='ltr'>deorsum</span> <span class='ocrx_word' id='word_1_241' title='bbox 1206 2273 1366 2324; x_wconf 86' lang='lat' dir='ltr'>longius</span> <span class='ocrx_word' id='word_1_242' title='bbox 1396 2272 1601 2311; x_wconf 85' lang='lat' dir='ltr'>ramulosi.</span> 
     </span>
     <span class='ocr_line' id='line_1_32' title="bbox 92 2336 1603 2391; baseline 0.003 -18"><span class='ocrx_word' id='word_1_243' title='bbox 92 2336 251 2374; x_wconf 86' lang='lat' dir='ltr'>Ramuli</span> <span class='ocrx_word' id='word_1_244' title='bbox 283 2336 323 2375; x_wconf 92' lang='lat' dir='ltr'>in</span> <span class='ocrx_word' id='word_1_245' title='bbox 355 2337 601 2376; x_wconf 84' lang='lat' dir='ltr'>sectionibus</span> <span class='ocrx_word' id='word_1_246' title='bbox 631 2342 698 2375; x_wconf 86' lang='lat' dir='ltr'>aut</span> <span class='ocrx_word' id='word_1_247' title='bbox 727 2337 1019 2388; x_wconf 85' lang='lat' dir='ltr'>subgeneribus</span> <span class='ocrx_word' id='word_1_248' title='bbox 1059 2339 1229 2377; x_wconf 86' lang='lat' dir='ltr'>diversis</span> <span class='ocrx_word' id='word_1_249' title='bbox 1267 2339 1532 2391; x_wconf 86' lang='lat' dir='ltr'>dispositione</span> <span class='ocrx_word' id='word_1_250' title='bbox 1563 2344 1603 2377; x_wconf 91' lang='lat' dir='ltr'>et</span> 
     </span>
     <span class='ocr_line' id='line_1_33' title="bbox 93 2403 1601 2457; baseline 0.003 -17"><span class='ocrx_word' id='word_1_251' title='bbox 93 2407 289 2440; x_wconf 84' lang='lat' dir='ltr'>structura</span> <span class='ocrx_word' id='word_1_252' title='bbox 326 2403 564 2455; x_wconf 86' lang='lat' dir='ltr'>dissimiles;</span> <span class='ocrx_word' id='word_1_253' title='bbox 596 2404 636 2442; x_wconf 88' lang='lat' dir='ltr'>in</span> <span class='ocrx_word' id='word_1_254' title='bbox 667 2403 1006 2455; x_wconf 86' lang='lat' dir='ltr'>Heterosiphonia</span> <span class='ocrx_word' id='word_1_255' title='bbox 1036 2409 1076 2442; x_wconf 90' lang='lat' dir='ltr'>et</span> <span class='ocrx_word' id='word_1_256' title='bbox 1107 2405 1370 2457; x_wconf 84' lang='lat' dir='ltr'>Stichocarpo</span> <span class='ocrx_word' id='word_1_257' title='bbox 1402 2410 1493 2444; x_wconf 90' lang='lat' dir='ltr'>sunt</span> <span class='ocrx_word' id='word_1_258' title='bbox 1522 2407 1601 2444; x_wconf 89' lang='lat' dir='ltr'>ima</span> 
     </span>
     <span class='ocr_line' id='line_1_34' title="bbox 93 2469 1599 2522; baseline 0.002 -15"><span class='ocrx_word' id='word_1_259' title='bbox 93 2469 178 2507; x_wconf 85' lang='lat' dir='ltr'>basi</span> <span class='ocrx_word' id='word_1_260' title='bbox 208 2473 276 2506; x_wconf 85' lang='lat' dir='ltr'>aut</span> <span class='ocrx_word' id='word_1_261' title='bbox 305 2482 460 2507; x_wconf 84' lang='lat' dir='ltr'>sursum</span> <span class='ocrx_word' id='word_1_262' title='bbox 492 2470 652 2521; x_wconf 88' lang='lat' dir='ltr'>longius</span> <span class='ocrx_word' id='word_1_263' title='bbox 683 2470 969 2522; x_wconf 68' lang='lat' dir='ltr'>polysiphonii,</span> <span class='ocrx_word' id='word_1_264' title='bbox 1001 2471 1149 2509; x_wconf 86' lang='lat' dir='ltr'>sensim</span> <span class='ocrx_word' id='word_1_265' title='bbox 1181 2472 1221 2510; x_wconf 92' lang='lat' dir='ltr'>in</span> <span class='ocrx_word' id='word_1_266' title='bbox 1246 2472 1435 2510; x_wconf 82' lang='lat' dir='ltr'>ramellos</span> <span class='ocrx_word' id='word_1_267' title='bbox 1461 2485 1599 2511; x_wconf 90' lang='lat' dir='ltr'>mono-</span> 
     </span>
     <span class='ocr_line' id='line_1_35' title="bbox 92 2536 1600 2589; baseline 0.002 -16"><span class='ocrx_word' id='word_1_268' title='bbox 92 2536 312 2587; x_wconf 87' lang='lat' dir='ltr'>siphonios,</span> <span class='ocrx_word' id='word_1_269' title='bbox 345 2537 549 2589; x_wconf 82' lang='lat' dir='ltr'>simplices</span> <span class='ocrx_word' id='word_1_270' title='bbox 586 2542 653 2576; x_wconf 87' lang='lat' dir='ltr'>aut</span> <span class='ocrx_word' id='word_1_271' title='bbox 696 2538 839 2575; x_wconf 87' lang='lat' dir='ltr'>iterum</span> <span class='ocrx_word' id='word_1_272' title='bbox 884 2537 1110 2588; x_wconf 88' lang='lat' dir='ltr'>iterumque</span> <span class='ocrx_word' id='word_1_273' title='bbox 1155 2538 1421 2584; x_wconf 86' lang='lat' dir='ltr'>dichotomos,</span> <span class='ocrx_word' id='word_1_274' title='bbox 1466 2539 1600 2585; x_wconf 87' lang='lat' dir='ltr'>soluti,</span> 
     </span>
     <span class='ocr_line' id='line_1_36' title="bbox 93 2598 1598 2656; baseline 0.001 -15"><span class='ocrx_word' id='word_1_275' title='bbox 93 2602 292 2641; x_wconf 83' lang='lat' dir='ltr'>distantiis</span> <span class='ocrx_word' id='word_1_276' title='bbox 323 2603 650 2654; x_wconf 88' lang='lat' dir='ltr'>subregularibus</span> <span class='ocrx_word' id='word_1_277' title='bbox 681 2604 752 2652; x_wconf 80' lang='lat' dir='ltr'>(ad</span> <span class='ocrx_word' id='word_1_278' title='bbox 795 2603 1023 2655; x_wconf 81' lang='lat' dir='ltr'>geniculum</span> <span class='ocrx_word' id='word_1_279' title='bbox 1072 2605 1274 2655; x_wconf 83' lang='lat' dir='ltr'>quodque,</span> <span class='ocrx_word' id='word_1_280' title='bbox 1296 2598 1506 2656; x_wconf 80' lang='lat' dir='ltr'>&#39;quodque</span> <span class='ocrx_word' id='word_1_281' title='bbox 1537 2618 1598 2643; x_wconf 88' lang='lat' dir='ltr'>se-</span> 
     </span>
     <span class='ocr_line' id='line_1_37' title="bbox 93 2669 1597 2723; baseline 0.001 -16"><span class='ocrx_word' id='word_1_282' title='bbox 93 2669 280 2715; x_wconf 86' lang='lat' dir='ltr'>cundum,</span> <span class='ocrx_word' id='word_1_283' title='bbox 312 2670 501 2720; x_wconf 86' lang='lat' dir='ltr'>quodque</span> <span class='ocrx_word' id='word_1_284' title='bbox 516 2673 699 2720; x_wconf 84' lang='lat' dir='ltr'>quartum</span> <span class='ocrx_word' id='word_1_285' title='bbox 715 2674 790 2708; x_wconf 87' lang='lat' dir='ltr'>etc.</span> <span class='ocrx_word' id='word_1_286' title='bbox 824 2670 864 2708; x_wconf 90' lang='lat' dir='ltr'>in</span> <span class='ocrx_word' id='word_1_287' title='bbox 896 2670 1108 2722; x_wconf 79' lang='lat' dir='ltr'>speciebus</span> <span class='ocrx_word' id='word_1_288' title='bbox 1138 2670 1381 2719; x_wconf 89' lang='lat' dir='ltr'>articulatis)</span> <span class='ocrx_word' id='word_1_289' title='bbox 1412 2672 1597 2723; x_wconf 88' lang='lat' dir='ltr'>proveni-</span> 
     </span>
     <span class='ocr_line' id='line_1_38' title="bbox 94 2737 1596 2790; baseline 0.002 -17"><span class='ocrx_word' id='word_1_290' title='bbox 94 2741 219 2784; x_wconf 88' lang='lat' dir='ltr'>entes,</span> <span class='ocrx_word' id='word_1_291' title='bbox 250 2737 318 2777; x_wconf 87' lang='lat' dir='ltr'>ubi</span> <span class='ocrx_word' id='word_1_292' title='bbox 348 2737 519 2776; x_wconf 89' lang='lat' dir='ltr'>distiche</span> <span class='ocrx_word' id='word_1_293' title='bbox 549 2738 748 2789; x_wconf 86' lang='lat' dir='ltr'>pinnulas,</span> <span class='ocrx_word' id='word_1_294' title='bbox 779 2738 847 2778; x_wconf 90' lang='lat' dir='ltr'>ubi</span> <span class='ocrx_word' id='word_1_295' title='bbox 878 2750 1203 2789; x_wconf 86' lang='lat' dir='ltr'>quoquoversum</span> <span class='ocrx_word' id='word_1_296' title='bbox 1242 2738 1426 2790; x_wconf 87' lang='lat' dir='ltr'>dispositi</span> <span class='ocrx_word' id='word_1_297' title='bbox 1467 2752 1596 2777; x_wconf 86' lang='lat' dir='ltr'>ramu-</span> 
     </span>
     <span class='ocr_line' id='line_1_39' title="bbox 93 2802 1596 2856; baseline 0.001 -16"><span class='ocrx_word' id='word_1_298' title='bbox 93 2802 167 2850; x_wconf 88' lang='lat' dir='ltr'>los,</span> <span class='ocrx_word' id='word_1_299' title='bbox 210 2808 406 2843; x_wconf 83' lang='lat' dir='ltr'>structura</span> <span class='ocrx_word' id='word_1_300' title='bbox 447 2817 470 2842; x_wconf 88' lang='lat' dir='ltr'>a</span> <span class='ocrx_word' id='word_1_301' title='bbox 507 2805 629 2843; x_wconf 86' lang='lat' dir='ltr'>ramis</span> <span class='ocrx_word' id='word_1_302' title='bbox 674 2805 867 2852; x_wconf 48' lang='lat' dir='ltr'>diverso&amp;</span> <span class='ocrx_word' id='word_1_303' title='bbox 911 2805 1223 2856; x_wconf 77' lang='lat' dir='ltr'>constituentes3</span> <span class='ocrx_word' id='word_1_304' title='bbox 1267 2805 1308 2843; x_wconf 90' lang='lat' dir='ltr'>in</span> <span class='ocrx_word' id='word_1_305' title='bbox 1353 2804 1596 2844; x_wconf 85' lang='lat' dir='ltr'>sectionibus</span> 
     </span>
     <span class='ocr_line' id='line_1_40' title="bbox 95 2868 1595 2924; baseline 0.001 -18"><span class='ocrx_word' id='word_1_306' title='bbox 95 2868 358 2908; x_wconf 85' lang='lat' dir='ltr'>Rhodonema</span> <span class='ocrx_word' id='word_1_307' title='bbox 401 2870 666 2923; x_wconf 89' lang='lat' dir='ltr'>Lophothalia</span> <span class='ocrx_word' id='word_1_308' title='bbox 705 2876 744 2910; x_wconf 91' lang='lat' dir='ltr'>et</span> <span class='ocrx_word' id='word_1_309' title='bbox 773 2871 1048 2924; x_wconf 84' lang='lat' dir='ltr'>Lophocladia</span> <span class='ocrx_word' id='word_1_310' title='bbox 1091 2876 1182 2910; x_wconf 86' lang='lat' dir='ltr'>sunt</span> <span class='ocrx_word' id='word_1_311' title='bbox 1224 2872 1366 2910; x_wconf 89' lang='lat' dir='ltr'>ramuli</span> <span class='ocrx_word' id='word_1_312' title='bbox 1410 2884 1433 2909; x_wconf 86' lang='lat' dir='ltr'>a</span> <span class='ocrx_word' id='word_1_313' title='bbox 1474 2871 1595 2909; x_wconf 88' lang='lat' dir='ltr'>ramis</span> 
     </span>
    </p>
   </div>
  </div>
 </body>
</html>
