1728 3110
182 153 240 194 75
249 155 274 194 2
822 150 1053 196 CHONDRIEAE.
1454 151 1703 197 Laureneia.

178 289 319 320 scentes
352 286 387 317 et
418 283 527 324 magis
561 282 805 323 cartilagineas
832 291 1027 326 proponere
1053 283 1169 317 forsan
1196 284 1331 317 liceret.
1380 285 1453 320 Var.
1476 288 1702 330 pyramidum

178 350 233 380 est
268 346 378 378 forma
415 343 514 376 valde
553 343 711 384 insigniS,
751 351 854 384 quam
891 344 1047 385 speciem
1086 344 1264 386 propriam
1291 343 1392 376 facile
1419 346 1599 389 crederes,
1625 347 1702 380 haec

176 404 335 448 pluribus
362 403 454 436 notis
482 401 523 434 ad
549 400 583 434 L.
612 402 837 443 caespitosam
864 410 905 433 ex
934 411 999 435 una
1025 406 1135 446 parte,
1163 402 1261 435 etad
1279 402 1314 435 L.
1332 404 1500 444 virgatam
1525 415 1569 438 ex
1595 406 1700 439 altera

178 463 326 507 accedit,
364 462 406 494 ab
445 463 592 502 utraque
630 460 664 492 ni
701 458 800 492 fallor
838 459 1014 493 distincta.
1074 460 1274 494 Keramidia
1301 461 1446 502 globosa
1473 462 1553 496 huic
1580 463 1701 497 tribuit

176 520 335 561 liutzing.

271 580 416 622 Species
451 581 617 612 caeterum
652 578 728 611 haec
763 579 797 610 in
829 577 995 620 operibus
1030 579 1218 613 Auctorum
1252 581 1354 613 latius
1388 588 1491 622 quam
1517 581 1551 612 in
1578 583 1701 613 natura

174 640 317 682 patens,
351 647 369 670 a
395 638 649 671 Lamourouxio
677 639 798 670 contra
825 639 860 669 et
883 636 1067 678 Kiitzingio
1094 639 1128 670 in
1154 639 1271 680 plures
1299 639 1437 681 species
1463 638 1584 681 divisa,
1612 640 1701 672 inter

176 708 262 741 quas
289 707 370 731 vero
397 698 617 730 characteres
645 696 881 729 distinctionis
909 699 1023 729 certos
1050 706 1118 729 non
1144 698 1258 730 video.
1290 696 1497 740 Keramidia,
1525 697 1702 729 rarissime

175 758 288 800 obvia,
316 759 347 789 in
376 757 523 789 diversis
551 754 669 787 formis
696 754 813 787 forsan
841 754 985 787 ulterius
1012 756 1263 796 investiganda.

268 816 462 858 Synonyma
488 814 636 855 plurima
663 821 769 854 supra
796 813 898 845 allata
924 814 1114 846 Auctorum
1140 814 1183 846 ad
1209 814 1364 855 speciem
1392 814 1492 846 aliter
1518 812 1632 846 forsan
1662 822 1701 846 ac

175 883 280 916 supra
318 873 449 905 factum
487 872 553 904 fuit
591 872 895 914 circumscriptam
934 870 1116 904 referenda
1149 872 1321 904 videntur.
1372 871 1462 911 Quin
1490 874 1535 906 ita
1563 882 1701 915 quoque

174 934 423 975 intelligantur,
450 940 553 974 rogo,
579 930 700 964 formae
728 929 946 972 expellendae
963 929 1028 963 sub
1051 930 1249 974 speciebus,
1277 931 1319 964 ad
1335 939 1420 973 quas
1436 931 1511 964 illas
1527 932 1702 973 pertinere

174 992 292 1035 credo,
319 992 481 1024 citantur.

177 1131 236 1168 ll.
267 1133 300 1168 l..
330 1139 481 1168 vaA'rA
515 1129 568 1175 (J.
599 1130 663 1177 Ay.
696 1132 834 1174 mser.)
869 1129 1003 1167 fronde
1035 1129 1145 1166 tereti
1177 1140 1485 1178 quoquoversum
1518 1129 1700 1178 pinnato-

283 1210 444 1247 ramosa,
477 1199 588 1234 ramis
621 1198 734 1245 longe
766 1197 969 1234 racemosis
989 1197 1217 1245 ramulisque
1236 1198 1318 1245 plus
1337 1197 1460 1234 minus
1479 1197 1701 1244 regulariter

283 1265 466 1314 oppositis
505 1264 823 1313 verticillalisque,
864 1265 1015 1302 ramulis
1055 1265 1089 1302 in
1137 1275 1241 1302 ramo
1287 1264 1504 1301 abbreviato
1544 1268 1699 1302 erecto-

281 1334 495 1382 patentibus
526 1332 1007 1383 panicolaio-fasciculatis,
1036 1333 1233 1381 sporiferis
1264 1329 1700 1381 clavato-cylindraceis,

282 1400 578 1438 antheridiiseris
609 1400 1003 1451 capitato-congestis,
1034 1399 1251 1438 keramidiis
1281 1400 1546 1449 agglomeratis
1574 1400 1699 1448 sphae-

280 1468 524 1508 rico-oratis.

264 1547 436 1581 Chondria
464 1546 593 1579 obtusa
617 1555 686 1578 var.
714 1547 846 1585 virgata
874 1544 932 1590 Ay.
957 1545 1013 1590 Sp.
1042 1545 1111 1590 Alq.
1136 1556 1170 1595 P:
1198 1546 1274 1579 343.

263 1606 482 1639 ‘lLaurencia
510 1606 701 1637 versicolor
727 1603 894 1637 Lamour.
923 1604 999 1638 Ess.
1022 1615 1056 1648 p.
1082 1605 1136 1638 43.
1163 1604 1269 1647 Bory.
1296 1614 1350 1648 ap.
1376 1602 1448 1638 Bel.
1480 1602 1603 1648 Voy.p.
1624 1605 1698 1638 464.

263 1665 453 1698 Laurencia
492 1663 693 1706 botryoides
731 1662 839 1696 llari).
875 1662 959 1697 Ner.
997 1667 1110 1698 austr.
1142 1674 1177 1708 p.
1218 1665 1259 1697 82
1297 1666 1330 1698 et
1365 1663 1467 1697 Isdcz..
1500 1673 1551 1706 sp.
1573 1673 1607 1706 p.
1634 1663 1698 1695 857

169 1724 304 1766 (quoad
330 1733 383 1766 sp.
411 1722 598 1765 capens.)‘?

262 1782 297 1814 L.
325 1782 450 1814 obtusa
477 1792 548 1815 var.
573 1784 605 1823 β.
632 1781 858 1825 pyramidalis
885 1781 991 1816 Harv.
1019 1781 1103 1816 Ner.
1131 1783 1245 1815 auctr.
1268 1791 1303 1824 p.
1331 1782 1390 1814 83!

278 1853 365 1891 llab.
407 1853 443 1890 in
485 1865 630 1892 oceano
668 1854 816 1891 australi
850 1853 894 1891 ad
926 1857 1011 1903 Cap.
1043 1853 1077 1891 b.
1110 1852 1194 1902 Spei
1227 1853 1336 1901 (Mus.
1370 1852 1503 1892 Paris!
1536 1852 1695 1899 Harvey!

168 1921 346 1970 Pappel).

260 1997 368 2031 Frons
395 2006 506 2040 usque
533 1998 679 2041 pedalis,
708 1999 868 2031 crassitie
895 1999 1036 2031 circiter
1060 2006 1185 2040 pennae
1212 1997 1434 2041 columbinae,
1461 2005 1553 2030 nunc
1579 1998 1695 2038 graci—

167 2057 242 2100 lior,
270 2064 361 2089 nunc
389 2058 552 2098 crassior,
581 2057 711 2089 ambitu
739 2057 966 2099 pyramidata,
993 2056 1338 2089 ramisinl'erioribus
1357 2055 1695 2097 4—5-pollicaribus

168 2114 418 2148 conformibus.
474 2115 569 2148 Rami
605 2125 890 2158 quoquoversum
924 2115 1156 2158 egredientes,
1190 2124 1282 2148 nunc
1310 2115 1516 2155 regulariter
1542 2114 1694 2156 oppositi

167 2174 448 2216 verticillatique,
480 2184 572 2206 nunc
605 2175 647 2206 ab
683 2174 748 2207 bac
787 2175 1018 2217 dispositione
1052 2174 1306 2216 aliquantulum
1333 2177 1391 2207 aut
1418 2176 1526 2214 magis
1553 2175 1693 2216 arrepti,

166 2242 261 2266 ramo
288 2242 356 2266 uno
383 2233 545 2273 elongato
573 2242 775 2274 saepe·cum
803 2233 944 2266 ramulis
972 2233 1166 2265 minoribus
1192 2234 1412 2265 verticillato.
1439 2232 1695 2265 Ramisecundi

167 2291 298 2323 ordinis
334 2291 497 2333 elongati,
532 2291 664 2324 ambitu
691 2291 894 2333 lancoide03
922 2291 1013 2323 tertii
1041 2291 1171 2323 ordinis
1199 2292 1250 2332 (in
1277 2291 1394 2332 planta
1421 2291 1511 2324 bene
1538 2291 1694 2331 evoluta)

165 2351 248 2381 sunt
273 2348 476 2392 abbreviati,
504 2349 593 2382 3-.4
621 2350 731 2382 lineas
757 2350 849 2390 longi
866 2349 1030 2391 oppositi,
1047 2357 1223 2382 racemum
1240 2349 1439 2389 elongatum
1454 2350 1487 2381 in
1502 2357 1608 2389 ramo,
1625 2357 1693 2390 quo

166 2407 329 2450 insident,
356 2406 557 2451 formantes,
585 2409 659 2441 basi
686 2408 779 2450 nudi,
807 2408 887 2441 dein
912 2408 1056 2440 ramulis
1075 2408 1291 2440 verticillatis
1308 2408 1416 2440 dense
1431 2408 1692 2450 adproximatis,

165 2465 237 2497 fere
264 2464 490 2508 fasciculatis,
519 2467 775 2509 erectiusculis,
804 2466 1022 2508 simplicibus
1051 2468 1109 2498 aut
1135 2467 1221 2508 ipsis
1249 2466 1465 2508 compositis,
1485 2465 1692 2497 densissime

166 2523 282 2556 obsiti.
339 2523 374 2556 ln
406 2524 523 2565 planta
552 2524 696 2565 Juvenili
738 2525 821 2556 rami
857 2524 888 2556 hi
917 2525 1028 2564 (tertii
1056 2524 1204 2565 ordinis)
1234 2524 1375 2565 desunt,
1402 2523 1522 2556 ramuli
1551 2532 1631 2555 vero
1658 2524 1691 2555 in

166 2582 229 2615 hac
263 2585 345 2615 sunt
376 2582 608 2624 subtorulosi3
642 2584 674 2614 in
708 2584 825 2625 planta
860 2582 1031 2624 sporifera
1067 2585 1149 2615 sunt
1175 2583 1296 2615 ramuli
1323 2570 1534 2624 cylin'dracei
1563 2580 1691 2624 obtusi,

165 2642 199 2673 in
227 2650 322 2674 ramo
351 2640 552 2673 abbreviato
578 2642 622 2673 ita
652 2641 811 2682 dispositi
839 2643 876 2673 ut
902 2640 1052 2673 ambitus
1079 2641 1535 2682 liujuslanceolam-ovatus
1552 2640 1691 2690 evadat3

164 2701 199 2731 in
224 2700 343 2741 planta
381 2698 639 2732 antheridiifera
677 2700 761 2731 rami
799 2700 893 2731 tertii
933 2698 1064 2731 ordinis
1103 2702 1185 2732 sunt
1216 2700 1314 2731 initio
1340 2697 1525 2740 lancoidei,
1552 2697 1690 2730 demum

165 2766 268 2799 supra
295 2758 449 2799 stipitem
475 2757 606 2789 nudum
632 2757 787 2798 capitati,
814 2756 955 2789 ramulis
983 2756 1122 2789 demum
1149 2757 1342 2790 scutellatis
1369 2755 1577 2789 densissime
1604 2764 1691 2787 con-

165 2817 289 2856 gestis,
315 2816 350 2847 in
374 2816 491 2857 planta
518 2814 770 2856 gemmidiisera
797 2816 881 2847 rami
909 2814 1101 2848 abbreviati
1127 2815 1328 2848 keramidiis
1352 2814 1564 2855 ramulisque
1582 2813 1690 2845 dense

165 2872 344 2913 dispositis
378 2875 505 2906 onusti.
561 2873 824 2914 Spliaerosporae
858 2874 892 2905 iu
919 2882 1041 2906 zonam
1068 2874 1156 2906 infra
1184 2875 1301 2915 apices
1330 2873 1542 2905 ramulorum
1568 2871 1690 2913 dispo-

163 2931 252 2963 sitae.
313 2931 515 2965 Antberidia
548 2931 637 2964 bene
665 2931 802 2964 evoluta
831 2940 899 2964 non
927 2932 1005 2965 vidi.
1058 2932 1253 2965 Keramidia
1280 2931 1492 2964 ramulorum
1520 2929 1689 2963 transfor—
