1728 3110
61 138 311 184 Laurencia.
710 136 940 178 Cuoxniueffi.
1482 131 1508 172 7
1516 130 1574 172 63

62 272 173 314 spatia
204 271 335 303 minora
369 268 523 311 alternae,
556 276 677 301 omnes
702 277 719 300 3
746 268 900 307 margine
932 265 1083 299 racliidis
1110 273 1323 307 compressae
1349 265 1517 296 exeuntes
1543 265 1578 295 et

62 330 265 371 regulariter
297 327 468 369 dimenso,
501 325 684 359 inferiores
720 324 1017 366 l—e-pollicares
1045 323 1246 366 bipinnatae,
1272 322 1471 364 superiores
1495 320 1579 353 bre.-

61 391 211 422 vissimae
244 387 387 420 sessiles
419 385 544 419 trifidas
583 387 641 418 aut
675 384 746 417 fere
776 383 954 426 palmatim
987 382 1176 425 multifidae,
1218 381 1369 423 pinnulis
1395 387 1519 420 nempe
1545 379 1579 410 in

60 448 201 480 rachide
223 446 428 479 brevissima
450 445 691 484 subcontiguis
712 442 895 484 oppositiS,
919 441 1161 482 cylindraceis,
1179 441 1278 480 apice
1292 438 1439 480 obtusis,
1454 437 1580 470 lineam

60 514 181 548 parum
215 503 429 547 longitudine
461 502 721 544 superantibus.
777 499 865 532 Infra
900 499 1018 539 apices
1044 500 1102 530 aut
1127 497 1278 529 medium
1305 505 1426 528 versus
1451 496 1581 536 pinnu-

60 565 171 597 larum
195 563 302 596 fascia
335 561 659 604 sphaerosporarum
685 559 801 600 adest,
832 557 984 599 pinnulae
1011 555 1142 588 fertiles
1169 554 1345 587 sterilibus
1372 553 1580 588 conformes,

62 621 262 656 Substantia
289 619 593 659 subcartilaginea.
642 618 744 650 Color
769 617 802 649 in
829 616 957 648 nostris
984 613 1201 646 fuscescens.

155 678 298 721 Species
326 681 380 711 sat
405 678 567 710 distincta
595 678 695 718 typos
720 675 755 707 L.
783 674 917 707 obtusae
946 674 980 705 et
998 671 1211 714 pinnatifidae
1226 672 1480 713 quodammodo
1496 680 1582 705 con-

59 739 221 781 jungens.
278 736 422 769 Habitus
454 736 582 777 plantae
608 736 796 768 exsiccatae
821 734 938 775 potius
964 731 997 764 L.
1026 731 1173 774 obtusae,
1201 733 1234 763 et
1260 731 1293 762 in
1320 729 1384 762 Hb:
1408 730 1468 771 Ag.
1494 732 1583 763 inter

62 798 246 829 varietates
273 794 374 836 hujus
400 795 531 836 speciei
559 795 713 835 servata,
738 793 822 824 rami
851 793 888 824 ut
912 792 946 823 in
972 790 1036 823 bac
1064 790 1177 831 typice
1205 789 1366 830 oppositi,
1383 790 1463 830 quin
1480 790 1582 821 immo

65 854 249 896 aliquando
275 852 367 885 binis
393 853 427 884 in
455 860 522 884 uno
550 852 656 883 latere
681 848 969 893 provenientibus
996 848 1037 880 ad
1058 846 1215 880 ordinem
1230 847 1470 879 verticillatum
1487 848 1583 888 quasi

65 913 265 954 tendentes3
303 911 365 944 sed
402 912 606 943 constanter
642 909 834 951 compressi
873 910 908 940 et
945 916 1064 940 omnes
1104 907 1229 939 eximie
1267 905 1403 939 distichi
1431 908 1585 948 speciem

66 979 186 1004 revera
213 970 253 1003 ad
282 969 316 1002 L.
342 969 581 1011 pinnatifidam
607 968 898 1010 adpropinquant.
947 966 1143 1008 Specimina
1171 964 1341 997 madefata
1369 965 1551 1006 descripsi.

158 1028 207 1060 De
233 1028 310 1060 loco
336 1028 441 1060 natali
467 1029 622 1060 incertus
648 1036 737 1060 sum.
785 1027 852 1059 Aut
877 1034 958 1058 vero
984 1035 1002 1058 e
1028 1024 1109 1067 Cap.
1135 1024 1169 1057 b.
1196 1024 1289 1068 Spei,
1317 1026 1374 1057 aut
1389 1032 1432 1057 ex
1455 1031 1585 1057 oceano

65 1087 213 1129 pacifico
240 1089 351 1120 ortam
376 1087 588 1128 suspicarer.

231 1278 330 1312 *³23⁶
361 1279 517 1322 Fronde
547 1278 824 1330 complanant,
855 1279 1003 1319 esimz'e
1035 1278 1207 1319 disliclte
1232 1278 1422 1328 pinnata.

69 1406 132 1446 25.
163 1411 198 1446 L.
228 1416 424 1446 CAEsmTOSA
458 1406 661 1453 [Lamour.
704 1406 788 1444 Ess.
825 1417 862 1454 p.
903 1404 970 1452 43)
1001 1404 1424 1455 purpureo—virescens,
1453 1404 1588 1443 fronde

179 1479 332 1523 angusta
371 1486 584 1524 compressa
624 1474 780 1511 disticho
811 1473 1270 1523 decomposito-pinnata,
1300 1472 1425 1522 pinnis
1455 1472 1494 1509 in
1525 1483 1589 1509 ra-

181 1542 287 1580 chide
331 1542 455 1580 stricta
508 1541 763 1590 suboppositis
808 1542 1092 1591 patentissimis,
1145 1541 1308 1590 pinnulis
1359 1540 1590 1589 simplicibus

181 1609 569 1659 clavato-linearibus,
607 1609 802 1658 sporiseris
833 1609 1094 1647 conformibus
1124 1609 1309 1647 levissime
1341 1607 1591 1645 verruculosis

181 1689 250 1726 per
288 1677 526 1727 superiorein
568 1680 711 1726 partem
743 1678 1023 1726 spbaei‘osporas
1053 1677 1187 1715 densas
1218 1677 1449 1727 gerentibus,
1479 1677 1591 1714 kera-

180 1745 316 1782 midiis.
348 1774 355 1782 .

164 1821 353 1856 Laurencia
379 1823 565 1863 caespitosa
592 1819 760 1855 Lamour.
786 1821 807 1855 l.
833 1832 863 1856 c.
892 1822 974 1864 (fide
1001 1829 1097 1863 spec.
1125 1821 1249 1862 auum)

182 1893 267 1932 Hah.
300 1894 336 1930 in
368 1904 515 1931 oceano
548 1894 725 1931 atlantico
757 1893 800 1930 ad
834 1904 918 1931 oras
949 1893 1132 1943 Hispaniae
1163 1892 1381 1940 (Cabreral)
1411 1895 1448 1930 et
1470 1893 1592 1931 Galliae

72 1972 191 2010 usque
221 1961 266 1999 ad
297 1960 475 2000 Caivados
507 1960 814 2009 (Lamourouxl).

164 2037 272 2071 Frons
299 2038 802 2079 decomposito-ramosissima
829 2037 1123 2082 subpyramidata,
1151 2037 1449 2083 3—-lu-pollicaris,
1474 2040 1593 2073 latitu-

74 2098 154 2131 dine
180 2098 237 2130 vix
261 2097 386 2130 lineam
413 2096 591 2129 dimidiam
614 2106 770 2140 aequans,
786 2096 965 2129 evidenter
979 2105 1180 2137 compressa
1196 2098 1263 2128 eta
1279 2098 1432 2136 margine
1446 2097 1593 2129 disticlie

75 2154 227 2188 4—5zies
257 2156 409 2197 pinnata,
441 2155 556 2196 pinnis
590 2155 862 2196 subregulariter
896 2156 1079 2198 oppositis.
1134 2155 1252 2188 Pinnae
1281 2156 1505 2200 pinnulaeque
1530 2165 1594 2198 pa-

75 2216 280 2249 tentissimae
321 2213 445 2254 angulo
484 2213 555 2246 fere
594 2215 654 2247 60⁰
692 2214 924 2256 egredientes,
961 2213 1145 2246 inferiores
1181 2214 1367 2258 longiores,
1395 2215 1593 2256 superiores

75 2274 207 2306 sensim
231 2271 421 2304 breviores.
448 2270 602 2305 Pinuulae
628 2272 758 2305 ultimae
784 2275 819 2304 et
843 2272 1021 2314 simplices
1049 2272 1138 2304 2—3
1164 2272 1273 2304 lineas
1290 2274 1414 2315 longae,
1434 2272 1474 2318 'A
1494 2276 1594 2308 lineae

74 2335 208 2376 partem
245 2333 301 2364 vix
331 2331 423 2374 latae,
456 2339 577 2363 omnes
609 2332 736 2364 eximie
767 2333 940 2374 patentes,
974 2330 1048 2373 basi
1075 2330 1253 2363 evidenter
1279 2332 1489 2374 constrictae,
1516 2331 1593 2364 dein

77 2390 393 2424 clavato-lineares.
450 2389 484 2421 ln
518 2391 622 2431 pinna
655 2392 821 2423 caeterum
855 2389 1002 2422 disticbe
1027 2389 1217 2432 pinnulata,
1242 2391 1384 2432 pinnula
1410 2391 1593 2433 aliquando

76 2450 237 2491 provenit
262 2458 279 2481 a
306 2449 431 2491 pagina
465 2448 624 2489 planiori.
680 2448 942 2490 Spbaerosporae
975 2449 1008 2481 in
1044 2448 1196 2489 pinnulis
1230 2448 1421 2481 minoribus
1448 2449 1594 2491 apicem,

77 2507 112 2539 in
139 2505 326 2548 majoribus
352 2505 516 2547 majorem
543 2507 695 2547 pinnulae
720 2509 855 2547 partem
882 2509 1108 2548 occupantes,
1136 2506 1243 2539 dense
1259 2507 1448 2548 dispositae,
1470 2515 1594 2547 super-

77 2565 191 2596 ficiem
216 2565 392 2597 levissime
418 2564 678 2597 verruculosam
704 2564 902 2597 reddentes.
928 2564 1129 2597 Substantia
1145 2563 1595 2596 carnoso-membranacea.

79 2621 180 2653 Color
204 2623 594 2663 purpureo-virescens.

172 2679 331 2722 Speciem
358 2680 544 2713 australem
571 2683 742 2725 suspicor,
769 2682 1006 2725 quaelimitern
1023 2681 1200 2713 borealem
1215 2680 1257 2712 ad
1273 2679 1596 2712 Calvadosiilittora

80 2736 224 2771 forsitan
262 2740 418 2779 attinget.
477 2738 518 2770 Et
555 2740 645 2771 enim
684 2740 726 2773 ad
763 2749 841 2773 oras
881 2740 1055 2781 Hispaniae
1095 2739 1319 2780 frequentior,
1346 2740 1380 2770 et
1404 2739 1595 2779 specimina

81 2796 210 2838 majora
236 2798 417 2839 magisque
443 2799 656 2840 composita,
682 2801 848 2831 caeterum
874 2798 950 2830 haec
976 2806 994 2829 3
1021 2795 1159 2828 Gallicis
1185 2805 1253 2828 non
1280 2794 1453 2828 differunt.

174 2853 245 2886 Sub
272 2856 410 2887 nomine
435 2854 470 2886 L.
496 2856 693 2896 caespitosae
718 2857 885 2899 plurimas
912 2857 945 2887 in
972 2854 1147 2886 Herbariis
1174 2852 1348 2886 Gallorum
1367 2854 1436 2886 vidi
1452 2853 1594 2887 formas:

84 2913 212 2953 saepius
238 2912 273 2945 L.
300 2913 459 2946 obtusam
493 2914 745 2955 pyramidatam
772 2917 805 2947 et
830 2914 865 2947 L.
891 2912 1084 2955 hybridam.
1139 2911 1258 2944 Utrum
1285 2912 1423 2954 species
1448 2912 1597 2945 Lamou—
