1728 3110
152 104 211 144 76
220 105 245 143 [ι
790 99 1020 144 CuounmaAE.
1416 99 1666 144 Laut-enom.

149 236 315 268 rouxiana
346 233 406 266 has
441 240 562 265 omnes
596 230 879 275 comprehendat,
913 241 954 265 an
981 234 1113 265 tantum
1140 232 1296 274 speciem
1322 242 1425 276 supra
1452 234 1662 277 descriptam

149 295 213 328 sub
252 294 315 325 boc
348 294 486 325 nomine
522 290 725 331 intelligerit
757 293 888 334 auctor,
921 291 1002 323 milii
1037 299 1104 323 non
1137 290 1257 333 liquet.
1316 290 1474 333 Speciem
1500 295 1591 327 illius
1622 294 1664 326 ad

148 352 325 394 specimen
344 350 385 382 ab
412 351 488 391 ipso
515 350 631 382 datum
658 352 692 382 et
717 346 770 381 ’‘L.
797 351 993 394 caespitosa,
1010 359 1097 393 rare,
1114 348 1302 383 Calvados''
1319 352 1536 396 inscriptum,
1551 353 1585 386 in
1601 351 1664 388 Hb,

146 410 296 452 Agardbi
323 412 550 452 asservatum,
577 408 815 441 determinavi.

146 525 207 565 96.
239 529 271 564 L.
303 533 520 563 PiNNATiFmA
552 525 648 570 (Gm.
667 527 762 572 Sysc.
783 523 871 561 Nat.
891 523 990 572 ILp.
1013 524 1133 570 4385)
1163 525 1510 574 purpureo-livida,
1529 525 1663 563 fronde

258 604 472 642 compressa
505 592 660 629 disticlie
690 592 1147 642 decomposito-pinnata,
1172 593 1297 642 pinnis
1317 594 1351 630 in
1372 594 1521 631 racliide
1538 594 1663 631 stricta

255 660 563 711 supereminente
594 659 747 696 alternis
779 659 1004 709 patentibus⁷
1041 659 1206 708 pinnulis
1236 660 1467 709 simplicibus
1499 661 1665 698 clavato-

256 728 459 766 linearibus
501 731 563 764 aut
599 725 759 764 dilatatis
791 727 1151 778 lomim-multifidis,
1181 728 1376 777 sporiseris
1407 729 1665 766 conformibus

255 797 356 837 infra,
380 796 506 844 apices
535 795 814 843 sphaerosporas
845 794 882 831 in
913 795 1063 832 fasciam
1090 795 1289 844 dispositas
1308 796 1536 848 gerentibus,
1554 797 1666 834 kera-

253 863 377 901 midiis
408 863 445 899 in
478 863 631 911 pinnula
662 862 876 900 lateralibus
908 865 1236 902 ovato-truncatis.

143 1033 218 1065 QGa.
244 1031 278 1064 L.
306 1035 535 1064 §exseramus
561 1027 674 1070 [Post.
701 1030 734 1062 el
759 1028 867 1072 Rvpr.
893 1028 947 1062 Ill.
974 1028 1042 1072 Aly.
1065 1039 1099 1072 p.
1129 1030 1186 1066 46)
1225 1028 1367 1062 ”fronde
1392 1031 1505 1076 plana,
1531 1032 1665 1076 lineari,

236 1099 357 1122 versus
385 1090 519 1131 apicem
547 1087 698 1131 dilatata,
725 1087 910 1131 fastigiata,
931 1088 1394 1130 2-3-pinnatif1da2pinnis
1409 1090 1666 1135 suboppositis3

235 1148 324 1181 iobis
339 1146 578 1180 terminalibus
605 1147 750 1189 obtusis,
778 1147 944 1189 foliaceis,
970 1147 1110 1189 patulis.
1135 1145 1235 1180 Jsuez.
1260 1145 1315 1190 Sp.
1341 1147 1411 1190 Alq.
1433 1158 1469 1191 p.
1495 1150 1572 1184 857.

235 1207 320 1240 Hab.
348 1209 379 1239 in
406 1208 482 1239 sinu
509 1205 651 1239 Norsolk
678 1206 914 1248 (Kastalsky)·,
941 1206 983 1238 ad
1008 1215 1132 1238 novam
1159 1205 1379 1239 Calisorniam
1406 1207 1607 1249 (Douglas].

234 1266 393 1299 Proxima
419 1264 454 1296 L.
481 1265 705 1305 pinnatifidae.
756 1264 862 1297 Frons
888 1264 1188 1308 2—3-pollicaris,
1215 1266 1267 1304 (in
1294 1275 1346 1307 sp.
1374 1265 1580 1300 Calisornico
1606 1276 1666 1301 se-

142 1327 342 1370 mipedalis)
381 1325 585 1367 caespitosa,
624 1324 698 1356 basi
739 1323 818 1355 hinc
856 1323 934 1356 inde
974 1323 1185 1356 concharum
1223 1323 1424 1364 fragmentis
1463 1325 1664 1372 adhaerens,

142 1393 256 1417 ramos
282 1383 469 1416 nonnullos
496 1385 658 1416 emittens
685 1383 845 1425 lineares,
874 1383 1007 1425 planos,
1036 1381 1143 1428 ’ΛΖ-4
1175 1382 1301 1414 lineam
1328 1383 1426 1425 latos,
1454 1385 1577 1428 nudos,
1604 1395 1666 1418 su-

139 1452 248 1486 perne
274 1442 517 1485 pinnatifidos3
542 1443 658 1483 pinnis
684 1443 808 1474 iterum
835 1441 1042 1482 simpliciter
1067 1442 1218 1482 pinnatis
1246 1441 1298 1473 vel
1323 1441 1665 1486 bipinnatis,paten-

140 1503 251 1545 tibus,
291 1510 386 1543 saepc
424 1501 614 1542 oppositis,
652 1499 875 1532 inferioribus
912 1500 1118 1541 plerumque
1156 1499 1342 1543 hebetatis,
1381 1502 1664 1547 dentisormibus,

139 1560 334 1602 linealibus,
360 1558 601 1602 superioribus
627 1558 842 1598 longioribus
871 1558 975 1599 (2—3
1003 1557 1201 1598 linealibus)
1229 1558 1308 1590 lobo
1335 1560 1506 1592 terminali
1527 1560 1664 1603 obtusa,

140 1620 254 1662 plano,
289 1627 357 1651 non
391 1619 596 1659 incrassato,
625 1619 661 1649 ut
685 1618 870 1658 plurimum
899 1618 1025 1649 lineam
1052 1618 1131 1649 lato.
1182 1617 1328 1650 Fructus
1354 1619 1388 1650 in
1413 1619 1664 1660 speciminibus

141 1676 408 1719 suppetentibus
435 1678 567 1708 tantum
594 1674 850 1716 capsulisormis
878 1675 1053 1707 observari
1080 1677 1254 1716 potuerat.
1280 1675 1437 1717 Sporidia
1453 1677 1664 1722 pyrisormia,

140 1735 361 1778 pedicellata,
400 1742 663 1777 carneo-rosea,
701 1744 769 1766 non
808 1735 979 1776 vaginata,
1018 1735 1111 1767 intus
1149 1743 1263 1767 massa
1295 1736 1481 1775 granulosa
1521 1737 1664 1778 repleta.

141 1794 242 1826 Color
279 1794 312 1825 in
351 1794 446 1826 sicco
486 1792 636 1826 obscure
674 1793 797 1835 ruber3
834 1793 1029 1826 substantia
1068 1793 1265 1836 chartacea,
1306 1794 1426 1838 rigida,
1459 1794 1664 1828 madefactae

140 1851 322 1887 succosa.'’

232 1912 279 1946 lta
318 1914 491 1945 auctores.
553 1911 762 1955 Specimina,
801 1920 878 1953 quae
911 1911 1110 1944 liberalitati
1138 1911 1236 1943 Auct.
1264 1910 1387 1954 debeo,
1413 1913 1495 1944 sunt
1519 1911 1663 1944 nimium

139 1971 350 2013 incompleta
377 1981 480 2014 quam
507 1973 544 2004 ut
564 1970 735 2012 judicium
761 1970 803 2003 de
829 1969 892 2002 hac
918 1970 1038 2011 specie
1065 1968 1154 2001 serre
1177 1969 1351 2002 auderem.
1378 1968 1412 2001 In
1430 1969 1664 2011 descriptione

139 2033 238 2061 Auet.
265 2039 369 2071 supra
397 2029 497 2064 allata
524 2029 615 2063 nulla
641 2031 771 2071 praeter
795 2029 919 2071 pinnas
946 2028 1195 2069 suboppositas
1222 2028 1374 2061 exhibita
1401 2030 1454 2060 est
1478 2031 1570 2072 nota,
1597 2039 1664 2072 qua

143 2097 160 2119 a
188 2087 221 2119 L.
248 2088 450 2129 pinnatifida
487 2088 722 2128 dignoscatur.
785 2087 833 2119 Ex
869 2087 1123 2128 speciminibus
1163 2087 1292 2119 nostris
1326 2085 1503 2119 sterilibus
1530 2086 1572 2119 ab
1599 2087 1664 2120 hac

142 2147 260 2187 specie
287 2147 343 2178 vix
368 2146 567 2180 distinctam
588 2147 816 2188 judicassem.
865 2145 982 2178 Pinnae
1009 2146 1118 2185 magis
1145 2147 1304 2186 patentes
1320 2146 1503 2186 apparent,
1530 2145 1663 2178 fructus

143 2204 316 2236 observati
344 2206 497 2246 speciem
526 2205 827 2238 distinctissimam
853 2203 969 2236 forsan
996 2203 1154 2244 probent.
1180 2222 1224 2228 --
1248 2203 1298 2236 Ad
1313 2203 1468 2244 speciem
1483 2201 1663 2243 Ruprecb—

140 2263 269 2294 tianam
302 2265 475 2303 pertinere
508 2263 645 2295 videtur
677 2262 736 2294 Ch.
768 2260 970 2302 pinnatitida
1003 2259 1110 2292 Harv.
1143 2270 1197 2303 ap.
1232 2258 1387 2303 Bcecliey
1427 2259 1504 2303 Voy.
1533 2270 1571 2303 p.
1599 2259 1662 2292 ’164

142 2322 175 2353 cl
190 2319 266 2363 408,
293 2330 357 2353 nec
385 2330 451 2353 non
477 2320 513 2352 L.
540 2321 627 2352 elata
655 2329 725 2352 var.
753 2318 954 2352 calum-nica
980 2316 1080 2350 Ii‘eIlZ.
1106 2327 1156 2361 sp.
1177 2328 1213 2361 p.
1241 2320 1318 2351 856.
1366 2319 1513 2359 K'utzing
1537 2319 1571 2350 in
1597 2317 1661 2350 bac

142 2376 251 2409 forma
278 2379 497 2419 cystocarpia
525 2378 666 2418 globosa
694 2377 855 2419 pinnulas
885 2377 1152 2416 intumescentia
1180 2376 1363 2419 describit3
1391 2376 1453 2409 sed
1469 2375 1660 2408 antlieridia

141 2435 194 2468 his
233 2437 349 2468 inesse
386 2436 559 2468 videntur.
622 2436 654 2468 ln
694 2436 907 2476 fragmentis,
940 2443 1016 2475 qua}
1046 2435 1123 2477 vidi,
1151 2435 1343 2467 antheridia
1371 2433 1496 2466 effoeta
1523 2441 1661 2475 quoque

143 2494 285 2537 adsunt,
311 2494 424 2536 quoad
451 2494 595 2526 sormam
620 2493 842 2535 receptacula
869 2492 911 2526 ab
937 2492 1005 2525 illis
1031 2492 1065 2524 L.
1090 2492 1305 2535 pinnatitidae
1332 2493 1386 2525 vix
1413 2491 1548 2524 diversa
1569 2493 1660 2524 sunt.

141 2586 220 2619 ⁶261).
246 2586 281 2618 L.
309 2593 487 2619 coxcrxua
527 2584 657 2627 (Μοηί.
698 2586 822 2619 Prodr.
861 2585 962 2627 Pliyc.
1000 2586 1073 2618 ant.
1106 2594 1141 2627 p.
1179 2585 1217 2626 6)
1246 2583 1365 2616 fronde
1394 2584 1660 2617 membranacea

233 2645 335 2686 plana
350 2644 616 2686 subtripinnata,
632 2645 747 2686 pinnis
766 2643 909 2676 secundi
926 2644 1086 2684 tertiique
1104 2642 1235 2675 ordinis
1251 2641 1407 2681 oblongis
1422 2641 1474 2672 vel
1491 2641 1661 2681 oblongo-

234 2703 436 2735 lanceolatis
480 2703 703 2744 pinnulisque
740 2702 944 2734 incrassatis
983 2701 1171 2742 oppositisl
1208 2700 1468 2742 conceptaculis
1506 2700 1660 2740 globosis

233 2761 483 2793 terminalibus.
1096 2780 1098 2783 -

232 2818 424 2851 Laurencia
462 2819 633 2851 concinna
669 2817 778 2851 Mont.
816 2817 836 2850 l.
870 2828 898 2851 c.
938 2815 1015 2860 l'oy.
1044 2816 1113 2851 Pol.
1138 2816 1219 2851 Sud.
1241 2826 1275 2860 p.
1304 2816 1377 2848 1¹26.
1406 2814 1453 2849 Pl.
1482 2814 1522 2847 lli
1544 2812 1599 2858 fiq.
1627 2814 1658 2847 3.

143 2874 248 2908 Harl).
274 2875 357 2909 Ner.
384 2877 496 2909 auslr.
518 2886 553 2919 p.
581 2877 634 2909 84.
660 2875 761 2909 Iszllz.
786 2874 841 2918 Sp.
867 2875 937 2919 Alq.
959 2885 993 2918 p.
1021 2876 1097 2909 857.
