1728 3110
169 118 195 158 ’7
204 118 262 159 20
811 119 1043 165 Cnoamussffi.
1484 124 1689 185 Polyides.

276 253 314 287 In
345 249 563 302 Individuis,
593 253 824 302 cystocarpia
854 255 1085 306 gerentibus,
1115 259 1270 295 stratum
1302 260 1464 299 exterius
1490 262 1691 301 obducitur

164 319 372 369 spongiolis
413 323 476 358 aut
517 321 683 358 verrucis
727 322 891 359 externis
933 324 1237 377 nematbeciosis,
1270 328 1481 367 rotundatis
1517 334 1579 368 aut
1608 332 1690 380 plus

165 387 288 424 minus
320 388 522 438 elongatis,
554 389 763 438 spongiolae
795 390 865 428 tilis
896 391 1080 440 elongatis
1108 393 1339 433 radiantibus
1356 396 1582 437 dichotomis
1599 411 1689 438 mo-

164 456 409 494 niliformiter
450 456 655 494 articulatis
694 460 886 507 constant;
918 458 1016 496 inter
1046 460 1104 498 fila
1136 461 1212 499 liaec
1243 462 1365 511 iisque
1396 464 1530 504 adnata
1561 470 1689 513 cysto-

164 523 288 571 carpia
319 525 549 572 proveniunt
578 524 616 561 in
648 525 781 563 eadem
813 526 1014 575 spongiola
1044 539 1141 577 saepe
1172 530 1331 578 plurima
1364 534 1400 568 et
1416 531 1689 584 adproxima103

162 591 289 628 nuclei
332 591 468 640 singuli
511 593 737 642 spliaeroidei
781 593 897 631 limbo
941 595 1015 632 lato
1061 597 1250 644 pellucido
1293 598 1426 650 cincti,
1477 601 1690 648 gemmidiis

162 658 322 709 magnis,
353 671 371 696 a
404 660 573 707 placenta
606 661 760 698 centrali
793 661 1037 713 radiantibus,
1069 664 1278 715 constituti3
1310 667 1513 714 gemmidia
1545 670 1690 717 singula

163 727 335 778 obovata,
366 728 621 776 peridermate
653 729 841 766 conformi
872 730 1035 781 inclusa3
1062 732 1312 780 peridermata
1330 734 1489 783 plurima
1507 736 1690 786 adproxi-

162 798 259 831 mata
290 794 446 832 limbum
479 796 710 844 pellucidum
743 798 965 846 cystocarpii
999 798 1176 837 efficiunt.

271 885 548 934 Spbaerosporae
589 886 625 923 in
665 887 778 924 ramis
819 887 1084 935 superioribus
1122 889 1463 930 intumescentibus
1493 893 1676 932 demersae

162 954 199 988 et
230 952 298 989 filis
328 950 650 991 moniliformibus
681 953 934 992 exterioribus
965 956 1121 1007 stipatae,
1151 957 1306 996 densius
1336 971 1485 1011 sparsae,
1503 960 1676 1010 oblongae

159 1031 316 1071 magnse,
347 1020 502 1058 demum
534 1022 729 1059 cruciatim
760 1022 898 1061 divisae.

1682 925 1690 943 7

1681 992 1690 1012 7

271 1113 427 1147 Fructus
459 1112 754 1150 nematlieciosis
785 1113 952 1151 verrucis
983 1116 1153 1152 contenti
1181 1117 1257 1164 Jam
1289 1129 1308 1154 a
1341 1120 1515 1157 Turnero
1547 1119 1688 1168 cogniti

159 1182 196 1215 et
226 1190 295 1227 pro
327 1182 501 1228 tempore
546 1179 643 1216 bene
687 1180 882 1230 descripti,
926 1181 1013 1219 licet
1046 1184 1202 1221 nucleos
1233 1188 1332 1223 totos
1363 1186 1505 1224 semina
1533 1187 1688 1234 judica-

158 1248 263 1284 verit.
333 1247 537 1295 Agardliius
579 1249 715 1286 melius
760 1250 903 1286 fructus
944 1250 1155 1302 explicavit,
1199 1253 1402 1301 caeterique
1433 1255 1585 1303 plurimi
1618 1257 1687 1293 rite

158 1320 429 1365 exposuerunt.
488 1319 627 1363 Ilarvey
660 1317 801 1354 fructus
833 1317 923 1354 istos
956 1317 1105 1355 tavellas
1136 1321 1378 1370 nuncupavit,
1408 1322 1578 1370 margine
1595 1324 1688 1370 bya-

158 1384 237 1421 lino
270 1385 344 1421 lato
377 1384 528 1422 cinctas.
589 1387 726 1422 Contra
759 1385 830 1422 boc
860 1395 951 1421 vero
983 1384 1275 1438 observandum,
1306 1387 1462 1426 limbum
1480 1390 1575 1427 baud
1604 1403 1687 1428 esse

157 1452 416 1491 membranam
448 1452 586 1489 sacculi
605 1452 741 1500 singuli
761 1452 895 1501 clausi,
913 1452 978 1489 sed
998 1454 1160 1491 efficitur
1176 1467 1194 1492 a
1214 1455 1529 1504 peridermatibus
1545 1468 1687 1496 nume-

158 1519 265 1568 rosis,
299 1521 411 1558 oculo
444 1531 522 1557 non
553 1521 640 1557 satis
670 1523 814 1557 armato
847 1520 952 1568 quasi
987 1521 1023 1557 in
1056 1533 1173 1559 unum
1204 1523 1499 1575 confluentibus,
1531 1526 1686 1575 singulis

155 1588 300 1635 singula
342 1588 545 1636 gemmidia
584 1587 877 1626 includentibus.
948 1590 1180 1626 Proveniunt
1209 1590 1285 1627 haec
1315 1590 1519 1638 gemmidia
1550 1605 1567 1630 a
1600 1595 1685 1642 pla-

156 1658 264 1692 centa
289 1655 445 1692 centrali
477 1654 655 1705 oblonga,
686 1655 884 1706 cellulas-„13
917 1656 964 1693 ita
994 1660 1034 1692 ut
1063 1657 1219 1707 fructus,
1249 1657 1337 1695 licet
1365 1659 1533 1707 speciem
1565 1660 1685 1699 favel-

155 1724 275 1760 larum
314 1735 389 1772 pree
421 1734 460 1760 se
504 1724 637 1773 ferant,
670 1726 794 1760 tamen
826 1734 898 1760 nec
929 1724 1069 1761 favellae
1099 1735 1171 1762 nec
1202 1725 1386 1762 favellidia
1418 1727 1684 1766 considerandi

155 1791 240 1828 sint.
271 1790 376 1836 Quod
408 1801 498 1828 vero
530 1791 693 1828 maxime
726 1790 1003 1828 observandum
1037 1791 1204 1842 invenio,
1236 1792 1272 1830 in
1305 1804 1351 1831 eo
1383 1795 1552 1833 cernitur
1581 1797 1683 1845 quod

155 1858 385 1906 cystocarpia
416 1869 493 1895 non
525 1858 577 1895 uti
609 1858 646 1895 in
677 1858 850 1907 plurimis
882 1859 1064 1897 Florideis
1094 1872 1113 1897 a
1145 1863 1260 1898 strato
1286 1860 1441 1899 centrali
1460 1863 1684 1914 formantur,

154 1924 220 1961 sed
265 1925 364 1962 inter
402 1926 461 1962 sila
503 1926 704 1963 exterioris
746 1927 850 1963 strati
893 1930 930 1963 et
967 1927 1071 1975 quasi
1102 1940 1121 1964 a
1153 1927 1207 1965 his
1239 1928 1420 1977 producta
1453 1929 1682 1968 nidulantur.

153 1994 326 2030 l'lacenta
358 1996 485 2030 autem
527 1993 618 2043 ipsa,
650 2005 671 2030 e
702 2004 774 2041 qua
812 1994 1015 2041 gemmidia
1047 2006 1355 2043 quoquoversum
1389 1996 1545 2047 radiant,
1576 1998 1680 2045 quasi

155 2061 320 2098 centrale
352 2064 508 2098 stratum
540 2061 673 2098 ramuli
705 2061 792 2098 novi
823 2061 949 2099 forsan
981 2066 1191 2100 censeatur.

265 2140 540 2188 Spliaerosporae
572 2150 649 2176 non
682 2142 768 2177 ante
801 2140 972 2178 ultimum
1004 2141 1076 2179 hoc
1106 2145 1254 2190 tempus
1285 2142 1354 2180 rite
1385 2143 1555 2191 cognitae.
1603 2148 1680 2183 De-

154 2206 309 2255 lapylaie
343 2205 423 2251 [Fl.
468 2206 576 2244 Terr.
620 2206 741 2244 Neuv.
781 2219 819 2255 p.
866 2208 957 2258 449)
1001 2212 1038 2245 et
1081 2209 1241 2247 Greville
1282 2209 1384 2257 (Αἶα.
1424 2211 1489 2250 Br.
1515 2223 1553 2260 p.
1589 2212 1681 2260 497)

153 2274 265 2322 primi
304 2274 451 2311 illarum
489 2274 726 2312 mentionem
760 2276 948 2324 fecerunt,
983 2279 1144 2324 uterque
1175 2279 1314 2327 autem,
1344 2278 1446 2315 velut
1474 2279 1568 2329 ipse,
1599 2280 1679 2317 illas

153 2344 296 2378 tantum
328 2342 546 2380 immaturas
578 2346 614 2380 et
644 2343 815 2380 nondum
833 2343 968 2381 divisas
987 2343 1330 2394 observavit;apud
1350 2348 1489 2394 Harvey
1506 2346 1677 2395 [Phycol.

155 2407 177 2446 l.
209 2412 262 2456 c.)
295 2409 414 2458 prima
448 2410 526 2448 vice
557 2415 711 2449 maturae
744 2414 781 2449 et
810 2411 935 2449 divisae
966 2411 1242 2451 describuntur.

264 2488 415 2537 Species
447 2488 563 2536 typica
596 2489 754 2526 Generis
781 2490 857 2537 jam
893 2488 1069 2527 Bauliinio
1101 2491 1251 2538 cognita
1281 2491 1430 2542 dicitur,
1455 2490 1677 2530 sedamul-

153 2554 199 2592 tis
229 2554 516 2603 insequentibus
563 2566 648 2592 cum
687 2556 759 2605 illa,
792 2560 830 2593 et
859 2560 1044 2594 structura
1077 2557 1221 2595 frondis
1251 2563 1288 2595 et
1319 2558 1442 2596 habitu
1474 2558 1676 2608 simillima,

154 2622 376 2659 Furcellaria
409 2623 575 2660 confusa.
621 2625 857 2661 Lamouroux
888 2623 989 2660 illam
1007 2623 1052 2660 ad
1071 2624 1299 2672 Gigartinam
1317 2626 1456 2678 retulit,
1473 2627 1676 2674 Agardhius

153 2690 261 2727 initio
302 2690 347 2728 ad
389 2690 643 2728 Cliordariam.
714 2690 927 2738 Lyngbyeus
967 2691 1004 2728 in
1038 2702 1154 2729 unum
1186 2704 1304 2741 genus
1334 2703 1418 2730 cum
1452 2693 1675 2731 Furcellaria

153 2757 361 2807 conjunxit,
398 2756 684 2806 insequentibus
721 2757 975 2805 Arescliougio
1014 2759 1075 2804 (in
1114 2759 1242 2808 Linn„
1275 2771 1345 2797 nec
1376 2760 1412 2798 in
1443 2761 1604 2807 Euam.)
1639 2765 1675 2798 et

152 2824 358 2872 Ktitzingio.
430 2826 633 2874 Agardliius
678 2835 796 2873 genus
840 2836 993 2876 novum,
1036 2826 1081 2864 ab
1124 2827 1300 2866 omnibus
1339 2827 1421 2864 fere
1465 2831 1674 2877 receptum,

152 2893 303 2943 creavit,
334 2888 412 2930 ”cui
444 2905 585 2932 nomen
617 2893 665 2931 ob
696 2893 982 2932 slmilitudinem
1013 2894 1160 2934 frondis
1189 2907 1275 2934 cum
1305 2898 1360 2933 tot
1390 2895 1471 2933 aliis
1501 2891 1638 2933 finxit.⁷'
