1728 3110
62 110 325 168 BOStryehia.
672 109 954 152 RHODOMELEAE.
1481 112 1505 154 8
1517 113 1538 153 7
1553 112 1571 152 1

63 239 188 274 scribit
212 240 368 284 Harvey,
395 241 592 273 transitum
619 240 662 273 ad
691 250 767 273 var.
793 252 826 282 y.
854 241 1015 274 formare
1042 245 1221 287 suspicor.
1278 243 1361 277 Haec
1389 243 1523 276 ultima
1556 254 1576 276 a

62 297 247 342 prioribus
279 299 343 330 vix
378 298 488 331 aliter
520 299 666 332 diversa
691 309 802 342 quam
836 298 973 333 Gelidii
1006 303 1130 334 cornei
1156 302 1284 335 formae
1311 302 1423 335 dense
1450 303 1575 346 caespi-

62 359 148 391 tosae
175 360 210 388 et
234 356 420 390 elatiores.

151 415 297 458 Species
333 416 396 449 diu
429 426 557 449 revera
591 418 758 461 cognita,
790 416 921 449 Planta
952 416 1075 449 Vahhi
1109 419 1146 451 in
1173 417 1357 451 herbariis
1382 419 1575 453 Danornm

61 476 254 513 asservata,
292 473 406 506 nullis
444 476 596 508 0111111110
634 475 759 508 dubiis
800 478 942 516 vexata,
982 476 1051 508 nisi
1086 477 1186 520 quod
1222 477 1359 510 sterilis
1386 478 1430 511 ad
1458 488 1574 521 genus

62 534 201 564 certum
236 532 367 564 referri
401 543 475 566 non
508 534 684 576 potuerit.
740 533 899 574 Nomen,
933 537 1146 577 comparata
1182 536 1356 576 proxima
1394 538 1434 570 B.
1472 539 1574 571 Mon-

60 591 191 633 tagnei,
229 590 333 623 nullo
372 591 483 624 modo
518 593 683 635 ineptum
718 595 944 636 anteponere
977 592 1088 625 debui
1117 595 1305 627 recentius
1332 595 1461 636 indito,
1488 596 1575 629 licet

60 648 127 682 hoc
152 659 250 682 nunc
277 660 297 681 a
323 649 495 691 plurimis
521 654 711 693 acceptum
740 653 797 684 sit.

59 776 121 816 14.
152 776 197 816 Β.
228 777 478 817 MONTAGNEI
507 777 646 827 (Harv.
677 778 767 816 Ner.
799 779 890 818 Bor.
921 778 1085 817 Ameria
1109 791 1150 826 p.
1182 777 1252 823 55)
1287 779 1432 819 fronde
1463 790 1573 818 erec-

165 844 337 883 tiuscula
389 845 560 884 distiche
611 846 1080 898 decomposito-pinnata
1133 860 1289 885 sursum
1336 846 1575 899 longissime

164 912 370 959 corticata,
409 912 592 965 apicibus
630 913 811 960 incurva,
849 913 984 966 pinnis
1022 913 1418 953 subhorizontalibus
1456 915 1574 953 alter-

164 979 226 1018 nis
271 979 386 1031 apice
432 980 662 1019 ecorticatis
708 980 1018 1032 polysiphoniis‚
1060 981 1239 1033 pinnulis
1276 981 1574 1034 polysiphoniis

164 1060 267 1085 nova
305 1048 409 1085 serie
448 1048 633 1086 deorsum
676 1048 972 1087 subsecundata
1011 1048 1172 1086 demum
1213 1048 1398 1095 munitis,
1437 1049 1573 1088 stichi-

164 1115 240 1154 diis
272 1128 325 1154 ex
355 1116 478 1168 pinna
508 1120 772 1155 transmutata
803 1116 900 1155 ortis
934 1115 1158 1155 lancoideis
1189 1116 1393 1168 duplicem
1425 1117 1572 1156 seriem

163 1184 533 1235 sphaerosporarum
565 1183 895 1230 monstrantibus,
926 1182 1175 1221 kei-amidiis.
1208 1211 1217 1221 .
1253 1213 1260 1221 .

144 1273 364 1316 Bostrychia
388 1275 602 1317 Montagnei
629 1271 746 1306 Harv.
774 1272 796 1306 Ζ.
824 1281 851 1305 c.
879 1271 950 1306 tab.
980 1270 1087 1306 XIV.
1105 1270 1170 1316 fly.
1200 1269 1273 1304 ΒΗ

160 1356 263 1394 Hab.
295 1356 344 1395 ad
383 1360 544 1395 truncos
583 1356 929 1408 Rhizophorarum
968 1355 1016 1393 ad
1055 1355 1167 1393 littus
1199 1354 1401 1393 Americae
1431 1353 1571 1393 foede-

52 1428 148 1463 ratae
180 1423 402 1475 (Harveyl)

145 1514 321 1557 Czrspites
346 1515 482 1547 format
508 1513 677 1556 majores.
710 1514 875 1547 Frondes
903 1514 1050 1547 circiter
1072 1514 1320 1558 3-pollicares‚
1341 1516 1422 1546 seta
1436 1514 1571 1557 duplo-

53 1573 164 1617 triplo
199 1574 408 1613 crassiores,
440 1583 589 1605 sursum
623 1575 833 1613 attenuatzc,
867 1583 931 1616 per
958 1576 1073 1606 totam
1108 1573 1385 1616 longitudinem
1413 1573 1570 1606 distiche

52 1634 88 1664 et
125 1631 265 1663 alterne
304 1631 749 1674 decomposito-pinnatae,
788 1632 934 1663 inferne
974 1632 1097 1674 pinnis
1135 1631 1304 1675 abruptis
1337 1631 1571 1665 nudiusculae

53 1692 115 1722 aut
142 1691 343 1729 senticosae,
369 1700 388 1722 a
415 1689 537 1722 medio
565 1690 711 1722 circiter
748 1691 870 1733 pinnis
904 1691 1046 1733 vegetis
1071 1691 1273 1731 instructae,
1300 1690 1466 1734 apicibus
1493 1701 1570 1724 0111-

52 1749 161 1782 nibus
200 1751 396 1793 pinnarum
435 1749 753 1793 pinnularumque
789 1751 963 1790 incurvis,
1001 1749 1069 1783 hoc
1108 1750 1219 1784 modo
1250 1751 1425 1793 paginam
1457 1761 1569 1783 unam

53 1819 268 1849 convexam,
300 1809 456 1841 alteram
491 1818 689 1841 concavam
715 1818 858 1851 gerens.
909 1809 1034 1841 Pinnae
1062 1810 1283 1849 conformes,
1311 1819 1460 1842 sursum
1488 1809 1570 1842 1011-

52 1868 221 1912 gitudine
259 1867 523 1906 decrescentes,
560 1876 688 1899 omnes
730 1876 877 1899 sursum
915 1867 1135 1910 longissime
1163 1869 1362 1902 corticatae.
1400 1868 1569 1901 Pinnulae

53 1928 257 1960 ecorticatae
292 1925 573 1970 polysiphoniae,
599 1925 723 1958 ultimi
751 1926 893 1959 ordinis
920 1927 995 1959 fere
1022 1926 1245 1960 secundatae.
1276 1927 1440 1960 Articuli
1463 1927 1569 1970 poly-

53 1985 212 2029 siphonii
250 1985 339 2018 nudi
377 1989 463 2019 sunt
501 1987 684 2020 diametro
724 1986 800 2017 fere
834 1986 946 2028 triplo
981 1985 1184 2018 breviores.
1233 1985 1370 2028 Apices
1395 1985 1569 2029 pinnula-

51 2055 132 2077 rum
161 2046 245 2076 sunt
271 2048 335 2076 aut
361 2045 647 2088 inonosiphonii,
674 2056 806 2089 nempe
833 2045 954 2088 quoad
982 2044 1163 2078 articulos
1190 2044 1354 2085 ultimos,
1380 2044 1568 2086 (articulis

51 2102 107 2135 his
133 2103 315 2136 diametro
340 2103 607 2145 brevioribus),
628 2107 692 2137 aut
718 2104 755 2137 hi
782 2114 933 2149 quoque
968 2103 1237 2148 polysiphonii.
1287 2104 1467 2138 Stichidia
1494 2114 1567 2138 non

52 2162 144 2205 vidi3
184 2172 252 2194 sec.
292 2163 436 2195 iconem
472 2163 633 2205 Harveyi
673 2166 759 2195 sunt
790 2174 810 2196 a
842 2164 954 2206 pinna
988 2164 1064 2195 fere
1091 2166 1171 2196 tota
1197 2164 1472 2203 transformata,
1498 2162 1567 2195 hoc

52 2220 160 2253 modo
197 2220 362 2252 breviter
399 2220 638 2263 pedicellata,
680 2221 866 2265 duplicem
906 2221 1252 2265 sphaerosporarum
1292 2224 1424 2255 seriem
1462 2232 1567 2254 mon-

53 2279 217 2310 strantia.
277 2279 446 2312 Sectione
493 2279 731 2312 transversali
769 2280 913 2313 frondis
949 2281 1155 2321 inferioris,
1195 2280 1413 2313 cellularum
1453 2281 1566 2312 series

52 2335 219 2377 plurimae
253 2339 494 2370 concentricae
528 2337 717 2381 adparent,
752 2338 897 2372 cellulis
924 2340 1070 2372 circiter
1094 2338 1115 2372 6
1141 2340 1237 2371 circa
1263 2339 1464 2372 centralem
1492 2338 1565 2370 dis-

53 2395 189 2437 positis.
240 2394 352 2429 Color
378 2406 662 2439 purpurascens,
711 2397 927 2430 Substantia
952 2397 1084 2440 rigida.
1130 2396 1275 2430 Chartae
1302 2398 1365 2430 vix
1391 2396 1565 2429 adhaeret.

144 2463 237 2497 Cum
262 2466 301 2498 B.
329 2465 467 2498 tenella
499 2468 577 2498 tota
608 2467 886 2500 ramificationis
912 2477 1043 2501 norma
1069 2466 1144 2500 haec
1171 2468 1365 2511 convenit3
1393 2469 1448 2499 est
1474 2477 1563 2499 vero

54 2520 178 2563 planta
214 2523 330 2565 major
367 2527 403 2556 et
440 2525 592 2565 firmior,
629 2527 738 2568 atque
776 2526 940 2568 pinnulis
978 2526 1252 2570 polysiplioniis
1286 2526 1471 2569 praecipue
1510 2526 1564 2558 di-

54 2580 194 2613 stincta.
252 2583 293 2614 In
330 2583 369 2615 B.
409 2583 556 2615 tenellae
588 2583 718 2616 formis
755 2585 919 2627 pinnulae
950 2585 1151 2628 aliquando
1184 2585 1334 2628 quidem
1365 2584 1408 2616 ad
1435 2583 1563 2617 basem

54 2638 338 2683 polysiphoniae3
382 2642 419 2674 in
457 2642 495 2674 B.
533 2642 746 2685 Montagnei
784 2647 871 2676 sunt
908 2646 1051 2677 tantum
1095 2642 1245 2676 articuli
1283 2642 1447 2685 supremi
1484 2652 1563 2675 mo-

54 2697 272 2740 nosiphonii,
307 2710 401 2743 saepe
434 2700 471 2733 hi
505 2710 665 2744 quoque,
691 2701 821 2735 ultimo
848 2704 1021 2746 excepto,
1054 2700 1318 2744 polysiphonii.
1378 2700 1562 2743 Aspectus

55 2759 231 2796 praeterea
267 2758 447 2791 diversus.
508 2759 547 2791 Β.
576 2760 789 2802 Montagnei
816 2763 851 2792 ct
881 2761 920 2793 B.
955 2759 1091 2792 tenella
1123 2761 1209 2791 sunt
1238 2758 1308 2790 hoc
1342 2757 1453 2791 modo
1480 2768 1563 2802 spc-

55 2813 128 2844 cies
159 2816 309 2848 omnino
341 2816 516 2859 analogae,
550 2817 620 2848 nisi
653 2817 776 2850 forsan
803 2818 1036 2850 intermediis
1062 2817 1191 2850 formis
1217 2815 1272 2848 hae
1299 2826 1449 2860 quoquc
1475 2826 1561 2851 con-

54 2870 220 2904 fluerent.
