1728 3110
61 131 371 188 Chowdr‘iopsis.
671 131 954 177 Rflommmffi.
1190 150 1198 159 ·
1487 139 1508 179 7
1519 138 1543 181 9
1555 139 1576 179 7

54 261 333 307 Laurenciam,
380 264 644 309 Gastridium,
685 263 1040 317 Acanthophoram
1072 271 1115 305 ut
1144 279 1295 319 genera
1326 267 1487 306 diversa
1516 280 1578 306 re-

55 327 196 375 stituit,
228 329 447 368 Chondriae
479 342 627 369 nomen
660 331 826 369 omnino
858 333 1048 371 abolevit.
1104 333 1167 372 Ad
1197 334 1463 372 Laurenciam
1487 347 1577 386 spe-

54 395 152 441 cies,
184 408 282 446 quas
315 396 635 448 Chondriopsidi
666 398 788 436 hodie
819 399 1055 445 adnumero,
1088 401 1235 439 retulit.
1297 400 1375 449 Qui
1406 400 1499 439 dein
1530 401 1579 439 dc

10 459 16 465 ”
54 462 115 500 his
145 462 294 514 plantis
324 464 573 515 scripserunt
604 463 811 515 Algologi,
852 466 1102 504 Grevilleum
1134 469 1282 518 pressis
1312 467 1485 519 pedibus
1515 479 1576 504 se-

55 530 136 568 cuti
167 535 270 569 sunt.
330 531 422 582 Ipse
458 531 497 568 in
533 531 646 581 Algis
678 531 987 569 mediterraneis
1018 537 1228 571 structurae
1258 533 1488 571 differentia
1517 533 1576 571 in-

55 597 213 644 sistens,
245 597 468 635 sectionem
499 598 703 648 propriam
737 597 955 636 Chondriis
987 599 1193 637 hodiernis
1223 600 1429 651 proposui,
1456 612 1575 650 quam

55 664 148 703 dein
195 664 351 716 species
396 664 588 715 Algarum
629 664 811 703 scribens
842 677 1003 715 quoque
1035 666 1224 716 generice
1255 666 1484 704 distinctam
1515 680 1576 704 as-

55 731 191 768 sumsi.
250 731 465 769 Praeeunte
510 730 733 777 Grevssleo,
779 744 928 770 nomen
970 733 1205 783 gener-icum
1246 732 1463 772 Chondriae
1494 734 1576 771 evi-

54 798 221 836 tandum
266 798 418 849 putavi,
463 797 631 835 familiae
673 811 767 836 vero
799 798 1064 836 Laurenciam
1097 803 1137 837 et
1165 799 1265 837 alias
1296 799 1523 838 Chondrias
1542 800 1577 846 ἱι’)

56 864 251 915 Agardhii
282 864 644 916 comprehendenti
678 877 825 903 nomen
859 865 1181 904 Chondriearum
1212 866 1468 904 retinendum
1494 878 1578 904 cre-

55 930 153 969 didi.
200 930 362 981 Harvey
394 932 455 975 (in
485 931 576 968 Ner.
598 932 689 970 Bor.
707 932 853 978 Amer.)
870 945 996 983 genus
1016 937 1196 971 nostrum
1213 933 1357 971 eodem
1375 945 1494 971 sensu
1510 933 1578 972 ad-

56 997 223 1049 optavit,
254 997 347 1035 huic
378 1010 475 1036 vero
507 1011 656 1036 nomen
690 998 909 1038 Chondriae
926 1000 1123 1048 restituit;
1142 1000 1183 1038 in
1202 999 1392 1052 operibus
1410 1000 1579 1051 posteri-

56 1063 193 1103 oribus
222 1064 359 1115 plures
391 1065 561 1116 species,
593 1065 734 1117 generi
766 1078 831 1103 me
856 1066 999 1115 judice
1030 1066 1136 1105 haud
1166 1067 1429 1118 pertinentes,
1456 1066 1579 1105 intro-

56 1131 184 1169 duxit.
224 1130 402 1182 Kiitzing
431 1131 471 1169 in
505 1131 755 1183 Phycologia
786 1144 934 1170 nomen
967 1132 1187 1171 Chondriae
1218 1133 1452 1171 Laurenciis
1479 1132 1580 1171 Gre-

56 1198 167 1237 villei
200 1197 419 1250 usurpavit,
450 1198 645 1236 Lam-ene.
680 1198 961 1236 tenuissimam
995 1212 1090 1238 vero
1122 1200 1170 1237 ad
1204 1199 1405 1237 Alsidium
1430 1198 1580 1244 retulit,

57 1270 96 1303 et
124 1265 168 1304 L.
199 1265 399 1317 Boryanae
430 1265 576 1303 Deuot.
610 1278 758 1303 novum
791 1265 966 1303 instituit
995 1278 1135 1316 genus,
1179 1265 1473 1316 Carpocaulon.
1535 1265 1578 1302 In

57 1332 270 1383 speciebus
316 1332 510 1383 Algarum
558 1332 794 1370 Laurenciae
840 1345 986 1370 nomen
1021 1332 1163 1370 iterum
1196 1333 1383 1378 restituit,
1416 1332 1475 1370 his
1508 1331 1580 1369 Ch.

90 1479 126 1520 *J
153 1479 312 1513 Nomine
349 1479 596 1513 Lomentariae
624 1479 664 1522 (l.
691 1489 720 1513 c.
741 1489 782 1522 p.
810 1480 893 1520 724)
921 1490 1039 1522 genus
1066 1481 1234 1519 assumsi,
1260 1480 1360 1523 quod
1389 1480 1581 1522 speciebus

148 1537 409 1580 heterogeneis
436 1540 686 1581 compositum
714 1539 824 1572 hodie
852 1539 1134 1571 dissolvendum
1161 1547 1332 1580 agnosco.
1379 1537 1455 1570 Cel.
1482 1537 1581 1571 Thu-

149 1600 206 1629 ret
242 1593 371 1637 (Reeh.
409 1605 477 1629 sur
515 1595 565 1629 les
603 1595 717 1630 Anth.
744 1596 806 1629 cles
833 1595 970 1639 Alyues
990 1605 1030 1638 p.
1059 1596 1122 1635 367)
1150 1595 1241 1628 mihi
1267 1597 1360 1628 vitio
1387 1597 1498 1627 vertit
1524 1606 1582 1638 sy-

149 1656 377 1698 nonymiam,
415 1666 526 1699 quam
564 1656 810 1689 Lomcntariae
850 1659 885 1687 et
919 1655 1171 1697 Chylocladiae
1201 1656 1370 1694 assumed,
1395 1656 1499 1696 gravi
1527 1664 1581 1686 er-

150 1723 235 1746 rore
262 1712 537 1746 observationis
563 1714 756 1746 fundatam
784 1714 962 1746 indicans.
1014 1713 1119 1756 Quod
1151 1712 1217 1745 hoc
1247 1713 1391 1751 attinet,
1417 1712 1581 1744 animad—

148 1774 293 1803 vertere
308 1771 394 1803 licet
420 1781 555 1804 nomen
581 1772 828 1804 Lomentariae
856 1782 931 1804 11011
958 1783 976 1803 a
1006 1782 1072 1812 me,
1100 1771 1160 1803 sed
1190 1773 1341 1803 auctore
1368 1770 1517 1803 Gaillon
1548 1773 1584 1802 et

150 1829 437 1873 insequentibus
463 1829 547 1861 aliis
573 1830 616 1862 ad
648 1831 788 1873 species
811 1829 1080 1871 heterogeneas
1095 1830 1209 1861 fuisse
1225 1831 1439 1869 extensum3
1461 1838 1581 1860 meum

151 1890 207 1920 est
244 1888 389 1927 vitium,
426 1887 527 1931 quod
565 1889 708 1930 species
746 1888 790 1920 ab
830 1888 1004 1920 omnibus
1031 1886 1340 1919 antecedentibus
1366 1885 1583 1918 auctoribus

149 1944 343 1986 (Greville,
380 1944 621 1985 Cal-michael⁷
656 1946 813 1987 Harvey,
851 1945 1024 1987 Kutzing³
1059 1945 1254 1984 Decaisne)
1293 1945 1483 1987 proximas
1521 1942 1582 1975 ha-

149 2004 258 2044 bitas,
283 2006 475 2036 structura
501 2006 536 2035 et
562 2003 691 2036 habitu
720 2004 896 2047 peculiari
927 2005 982 2035 sat
1009 2004 1282 2037 convenientes.
1310 2011 1461 2044 quoque
1486 2001 1582 2033 fruc-

154 2065 213 2094 tus
251 2062 427 2105 penitiori
454 2064 645 2094 structura
677 2065 926 2104 congruentes
954 2062 1122 2097 assumsi,
1150 2060 1253 2092 nulla
1280 2060 1429 2101 propria
1456 2057 1581 2090 obser-

150 2121 298 2153 vatione
330 2119 450 2152 fretus
485 2119 547 2152 sed
576 2119 735 2152 aliorum
760 2120 876 2152 fidens
904 2118 1089 2160 exemplo.
1142 2117 1372 2150 Examinatis
1399 2118 1582 2157 cys-iocar-

151 2178 220 2220 piis
256 2177 432 2210 facillime
472 2178 627 2220 adparet
664 2178 700 2210 L.
736 2177 970 2209 articulatam
1015 2187 1096 2208 cum
1132 2177 1229 2209 Fuco
1257 2174 1452 2206 Kalisormi
1478 2171 1582 2204 nullo

153 2235 264 2268 modo
291 2245 370 2268 esse
396 2237 692 2278 congenericam.
743 2238 865 2277 Quum
895 2245 992 2274 vero,
1021 2238 1058 2266 ut
1084 2235 1226 2265 vitiosa¹
1255 2232 1447 2264 medeatur
1473 2239 1582 2270 syno-

152 2294 298 2335 nymiae‚
336 2291 617 2334 Chylocladiam
656 2292 894 2326 clavellosam
922 2296 954 2323 et
982 2291 1257 2324 Lomentariam
1284 2288 1518 2321 articulatam
1544 2286 1580 2316 in

151 2361 267 2383 unum
307 2360 424 2393 genus
463 2351 689 2393 conjungere
716 2350 871 2383 suadeat
901 2349 975 2382 Cel.
1003 2348 1155 2387 Thuret,
1182 2349 1239 2379 cui
1267 2357 1399 2379 nomen
1426 2346 1580 2377 Lomen-

154 2409 256 2441 tariae
294 2412 555 2442 conservatum
595 2409 684 2444 vult.
722 2409 919 2442 observare
957 2407 1044 2439 licet
1084 2409 1119 2438 et
1146 2408 1371 2437 structuram
1398 2403 1579 2434 diversam

154 2476 243 2506 esse,
279 2469 315 2499 et
352 2476 489 2500 nomen
526 2468 769 2500 Lomentariee
809 2465 871 2499 oh.
912 2464 1118 2497 elavellosae
1147 2473 1273 2506 parum
1299 2463 1425 2503 aptum
1454 2458 1581 2489 videri.

155 2523 294 2557 Contra
320 2524 543 2557 Thuretium
573 2525 734 2567 denique
761 2524 883 2555 dicere
912 2522 1039 2561 debeo,
1066 2531 1122 2552 mc
1150 2528 1331 2562 nusquam
1348 2515 1581 2548 contendisse

156 2581 499 2625 sphaerosporarum
544 2583 579 2614 in
619 2581 861 2623 Chyloclaslia
900 2579 1181 2622 dispositionem
1221 2576 1265 2607 ab
1304 2577 1409 2606 aetate
1442 2571 1582 2614 plantcc

155 2640 327 2682 pendere,
365 2639 423 2671 vel
461 2639 624 2682 quodem
663 2639 773 2672 modo
808 2648 885 2669 esse
915 2638 1203 2675 inconstante-1113
1232 2632 1310 2663 dixi
1337 2634 1485 2673 cryptas
1511 2629 1580 2662 sub

157 2697 371 2730 evolutione
409 2699 445 2728 et
482 2696 821 2728 maturescentibus
860 2693 1127 2736 sphaerosporis
1155 2690 1289 2721 sensim
1316 2689 1469 2721 formari
1499 2684 1581 2729 (cfr.

156 2763 276 2796 supra
301 2763 389 2796 pay.
417 2753 510 2794 361),
537 2757 572 2785 et
599 2753 667 2787 hoc
694 2753 846 2797 quidem
872 2751 994 2783 verbis
1020 2751 1071 2781 ita
1099 2747 1207 2779 claris
1234 2749 1274 2778 ut
1300 2746 1489 2788 quomodo
1516 2745 1581 2777 ali-

158 2814 214 2844 ter
239 2822 318 2844 rem
345 2813 427 2854 quis
453 2811 650 2853 intelliget,
678 2821 764 2843 sane.
791 2810 968 2842 nesciam:
996 2805 1131 2849 pendet
1152 2805 1277 2846 itaque
1303 2803 1348 2835 ab
1363 2805 1468 2835 aetatc
1485 2803 1582 2836 fruc-

160 2870 381 2909 tifica-tionis,
407 2878 481 2900 non
508 2868 553 2899 ab
581 2870 686 2899 atate
717 2868 850 2909 plant-‹e-
877 2866 1046 2908 aspectus
1074 2861 1427 2904 81111ηκτοερυιῖιιῚιιη.
