1728 3110
113 109 131 148 1
147 107 200 148 12
209 107 234 148 0
734 102 1017 144 ΒΗουοΜΕιΕιΕ.
1445 107 1624 150 deazqa,

103 236 265 280 relatas,
310 233 603 273 adnumeravit.
660 233 727 271 Ex
757 232 819 270 his
851 245 969 270 unam
1003 232 1179 284 speciem
1211 232 1509 284 Dictyomeniae
1540 233 1626 271 vin-

103 303 239 341 dicare
270 302 357 354 ipse
381 302 465 351 jam
497 306 616 339 antea
646 304 813 339 conatus
844 299 1013 346 fueram,
1046 299 1215 337 alteram
1243 312 1381 337 veram
1402 300 1626 338 Fucaceam

103 382 264 409 censeo.
323 369 386 408 Ab
417 369 488 407 illa
518 369 769 406 characteres
807 368 968 420 generis
1015 367 1109 406 novi
1141 367 1274 405 hausit
1303 368 1519 414 Decaisne,
1551 368 1627 406 dif-

103 437 317 475 ferentiam
347 437 594 488 praecipuam
624 436 664 473 in
697 436 900 487 positione
945 434 1143 472 fructuum
1183 446 1381 485 quaerens,
1440 435 1528 473 Hoc
1557 448 1627 486 po-

106 505 183 543 sito
216 504 479 542 fundamento
510 503 671 553 Harvey
703 502 870 540 ulterius
901 501 1142 553 procedenS‚
1191 500 1518 553 Spirhymeniam
1558 514 1626 553 ag-

105 572 233 618 novit,
266 576 306 608 et
335 584 484 609 novum
531 570 715 609 condidit
759 582 886 620 genus
931 568 1143 620 Epineuri‚
1175 569 1280 618 quod
1313 569 1516 620 positione
1548 568 1627 606 fru-

103 646 237 679 ctuum
269 644 351 678 tum
383 652 405 676 a
438 638 735 690 Spirhymenia,
771 642 853 675 tum
887 651 908 675 a
939 636 1226 688 Dictyomenia
1257 637 1458 675 diversum
1479 637 1627 675 statuit.

104 708 254 746 Contra
286 707 361 745 hoc
394 705 672 757 dispositionis
703 704 1007 743 fundamentum
1041 704 1223 742 invectus
1256 710 1316 742 est
1347 704 1505 743 Sonder
1522 704 1629 754 (Azy.

103 776 237 813 Muell.
259 788 300 822 p.
331 773 442 819 698),
473 772 699 811 kei-amiclia
728 772 779 811 V.
811 771 971 824 spii-alis
1004 775 1044 809 et
1073 771 1111 809 in
1146 771 1336 810 dentibus
1379 776 1418 809 et
1459 771 1499 809 in
1537 785 1628 823 pro-

104 842 297 881 cessubus
341 840 562 880 costalibus
607 840 815 885 obvenire,
847 838 1038 876 stichidia
1069 850 1232 888 quoque
1262 838 1300 875 in
1333 838 1629 889 Dictyomeniae

105 909 319 961 speciebus
351 907 530 945 maxime
561 906 752 944 affinibus
783 905 902 943 situm
936 905 1137 943 diversum
1172 917 1371 956 occupare
1397 905 1628 944 ostendens.

105 977 177 1015 His
209 982 251 1015 ut
281 976 442 1013 videtur
471 974 696 1012 rationibus
744 972 966 1011 conductus
1009 976 1049 1009 et
1092 971 1304 1023 speciebus
1335 971 1374 1009 in
1408 972 1498 1010 loco
1531 984 1628 1011 exa-

104 1043 266 1082 minatis
296 1043 460 1093 Harvey
491 1042 652 1079 demum
685 1039 907 1079 declaravit
944 1038 1067 1088 (Mar.
1097 1039 1182 1077 Boz‘.
1213 1040 1258 1086 of
1291 1039 1401 1076 lVest.
1432 1038 1565 1077 Austr.
1587 1052 1628 1087 p.

105 1113 203 1157 538)
237 1124 279 1150 se
310 1122 460 1162 genera
490 1107 688 1160 Epineuri
721 1111 761 1145 et
792 1106 1105 1158 Spu-hymmum,
1123 1109 1264 1157 utpote
1289 1118 1311 1143 a
1344 1106 1629 1157 Dictyomenia

105 1193 185 1219 non
218 1177 518 1228 distinguenda,
549 1189 629 1215 non
662 1174 811 1213 diutius
843 1186 1017 1219 servare,
1037 1173 1142 1211 unde
1161 1173 1319 1225 species
1351 1173 1526 1212 Vidaliae
1558 1188 1629 1213 no-

105 1251 197 1284 strae
228 1249 270 1284 ut
300 1243 576 1295 Dictymenias
608 1241 873 1280 enumeravit.
921 1240 1035 1287 Mihi,
1066 1245 1191 1279 totam
1223 1240 1448 1292 specierum
1482 1242 1628 1280 seriem

105 1313 226 1351 hodie
270 1312 414 1350 iterum
461 1310 727 1355 examinanti,
772 1309 958 1361 apparuit
1001 1322 1152 1360 genera
1197 1322 1275 1347 non
1309 1321 1396 1346 esse
1427 1309 1477 1347 ad
1509 1309 1629 1347 situm

106 1380 307 1418 fructuum
339 1377 669 1419 discriminanda,
702 1376 778 1414 nisi
811 1377 895 1414 fere
928 1388 1251 1426 unamquamque
1289 1376 1466 1427 speciem
1506 1388 1629 1427 gene-

105 1447 160 1485 ris
191 1445 343 1498 proprii
374 1450 510 1496 typum
544 1456 766 1495 agnoscere
797 1443 996 1492 volueris3
1028 1442 1123 1493 quin
1156 1442 1280 1481 immo
1306 1441 1344 1479 in
1364 1443 1507 1481 eodem
1540 1455 1628 1494 spe-

106 1514 254 1551 cimine
286 1512 335 1551 V.
367 1512 526 1563 spiralis
556 1511 779 1549 kerainidia
811 1514 851 1547 et
881 1509 1118 1561 marginalia
1138 1512 1178 1547 et
1208 1508 1628 1549 costaliaobveniunt.

107 1581 296 1619 Attamen
328 1594 407 1618 non
440 1592 527 1617 eam
561 1580 610 1616 ab
648 1591 827 1616 caussam
861 1578 1018 1629 species
1048 1577 1095 1615 ad
1130 1577 1433 1628 Dictyomenias
1477 1577 1630 1615 referre

106 1647 327 1694 voluerim;
358 1646 704 1698 praetermiserunt
735 1644 922 1682 nimirum
956 1643 1119 1694 majoris
1145 1643 1338 1682 momenti
1358 1644 1629 1682 differentiam

106 1715 146 1753 in
178 1715 265 1766 ipsa
295 1713 576 1752 stichidiorum
607 1717 804 1750 structura
835 1711 1022 1753 inveniri,
1058 1723 1131 1761 qua
1166 1711 1337 1749 ducente
1370 1724 1449 1750 non
1475 1716 1627 1749 tantum

108 1794 254 1833 genera
288 1780 463 1819 Vidali‘crr
495 1784 533 1817 et
568 1778 857 1830 llictyomeniae
895 1779 1193 1829 distinguenda,
1233 1778 1304 1816 sed
1335 1778 1457 1816 etiam
1488 1778 1528 1816 in
1560 1791 1628 1816 na-

108 1848 226 1887 turali
258 1848 525 1900 dispositione
569 1847 689 1898 paulo
735 1846 895 1897 longius
940 1845 1163 1896 separanda
1203 1858 1291 1883 esse
1323 1858 1480 1885 censeo.
1541 1845 1629 1893 Qua

109 1916 216 1954 enim
250 1920 343 1953 nota
374 1913 699 1965 Dictyomeniam
732 1912 1048 1964 Polysiphoniae,
1067 1911 1272 1950 Vidaliam
1290 1912 1519 1964 Rytiphleae
1537 1925 1627 1964 pro·

108 1983 364 2035 pinquiorem
398 1987 507 2033 puto.

220 2051 338 2088 Patet
368 2049 443 2087 hoc
488 2047 608 2085 modo
653 2049 832 2084 nostrum
878 2059 1005 2097 genus
1052 2045 1228 2084 Vidaliae
1259 2050 1299 2084 et
1329 2045 1628 2084 characteribus

110 2120 150 2155 et
180 2116 374 2155 limitibus
404 2115 453 2153 ab
485 2113 685 2158 omnibus,
718 2125 808 2162 quae
848 2112 956 2150 illius
1001 2113 1215 2164 speciebus
1259 2118 1378 2150 antea
1408 2124 1627 2164 proposue-

109 2188 214 2230 runt,
245 2183 421 2221 differre.
481 2180 644 2219 Nullum
678 2180 812 2229 itaque
844 2192 990 2218 nomen
1023 2180 1184 2230 generis
1215 2180 1341 2218 nostri
1372 2180 1505 2217 ideam
1524 2179 1628 2217 bene

109 2251 245 2289 refert.
305 2249 404 2297 Quae
435 2248 466 2286 si
498 2249 553 2285 ita
582 2247 674 2293 sint,
705 2247 880 2285 Vidaliae
919 2260 1064 2286 nomen
1099 2247 1424 2297 anteponendum
1458 2245 1625 2290 credidi,

110 2322 250 2370 utpote
282 2322 322 2355 et
351 2316 554 2366 antiquius
585 2313 768 2366 plurimis
799 2318 838 2351 et
869 2314 1012 2352 idzeam
1046 2315 1195 2351 nullam
1228 2314 1367 2352 falsam
1400 2314 1625 2352 involvens.

110 2385 377 2423 Volubilariae
409 2384 550 2422 eodem
584 2387 766 2433 tempore
797 2381 971 2419 conditae
1003 2394 1165 2427 nomen,
1203 2381 1299 2418 licet
1328 2380 1456 2431 magis
1487 2379 1624 2431 cogni-

111 2457 208 2497 tum,
240 2450 338 2488 mihi
370 2464 449 2489 non
483 2450 585 2487 bene
616 2461 778 2494 sonans,
810 2448 1042 2485 evitandum
1073 2448 1224 2499 putavi.
1272 2446 1557 2498 Spirliymenia
1587 2450 1627 2484 et

110 2519 361 2571 Epineuron‚
392 2517 472 2555 alio
504 2521 689 2567 respectu
720 2514 939 2566 aptissima,
971 2519 1052 2552 tum
1086 2514 1327 2559 recentiora,
1357 2518 1438 2552 tum
1472 2527 1552 2552 non
1577 2513 1626 2551 ad

113 2598 253 2625 omnes
284 2584 439 2636 species
470 2595 585 2633 aeque
618 2583 721 2621 bene
750 2581 974 2619 referenda.
1021 2581 1196 2620 Vidaliae
1226 2581 1416 2632 adoptato
1448 2579 1625 2626 nomine,

113 2653 267 2692 nullum
299 2664 447 2690 nomen
491 2650 725 2701 specificum
771 2653 924 2686 mutare
969 2652 1131 2686 coactus
1175 2648 1254 2697 fui;
1299 2647 1406 2697 quod
1451 2646 1522 2684 vix
1552 2646 1628 2684 fuit

115 2719 361 2764 evitandum,
406 2717 437 2756 si
483 2721 551 2755 aut.
587 2715 880 2755 Volubilariam
927 2718 994 2752 aut
1039 2713 1365 2766 Spirhymeniam
1411 2717 1624 2765 anteposu-

116 2798 248 2825 issem.
