1728 3110
133 71 149 111 1
161 71 184 112 2
196 71 251 113 62
746 73 1030 119 Rnononmffl.
1362 88 1641 132 Sarcomenia.

125 200 252 244 planta
278 203 478 246 conspicui,
505 206 542 237 at
570 214 697 238 omnes
724 206 808 247 fere,
834 208 1067 242 ramulorum
1105 214 1280 256 exceptis,
1318 214 1460 247 cellulis
1487 215 1640 247 minutis

128 259 369 293 corticalibus
406 262 633 296 reticulatim
672 264 878 306 conjunctis
917 271 1026 300 extus
1064 271 1200 310 venosi,
1233 271 1414 305 diametro
1439 273 1641 311 breviores,

129 318 322 352 inferiores
348 320 424 352 fere
450 320 564 365 duplo
591 322 793 365 breviores,
828 326 1059 359 ramulorum
1099 328 1322 362 diametrum
1359 330 1639 374 subaeqiiantes3

120 386 141 408 a
168 378 361 420 superficie
389 379 458 411 visi
484 384 696 413 monstrant
724 381 898 425 siphones
936 385 1159 428 principales
1185 386 1214 426 3,
1240 388 1276 419 in
1305 388 1426 421 medio
1453 388 1514 421 filo
1541 389 1640 427 sitos,

121 438 157 467 et
185 436 410 479 marginales
451 437 554 478 duos,
594 450 698 483 {eque
726 451 868 475 crassos
895 444 931 475 at
958 443 1074 486 duplo
1099 445 1299 487 breviores,
1338 448 1389 479 ita
1427 450 1466 479 ut
1503 447 1640 489 gemini

121 495 346 537 marginales
386 496 543 539 singulis
583 498 750 531 articulis
789 502 1052 544 respondeant.
1102 504 1141 535 In
1170 504 1231 537 filo
1257 506 1413 548 ancipite
1452 505 1640 538 breviores

124 555 309 597 margines
337 558 529 598 occupant,
556 560 592 588 et
623 557 815 599 longiores
842 559 1005 592 medium
1034 560 1149 593 filum.
1176 562 1281 595 Rami
1310 573 1447 603 omnes,
1473 573 1643 606 suprema

121 615 225 655 parte
251 616 414 656 excepta,
443 614 595 657 insuper
613 614 765 648 cellulas
792 617 986 650 corticales
1013 620 1175 652 minores
1202 621 1427 653 reticulatim
1443 621 1641 664 dispositas

122 670 270 703 habent.
321 672 505 705 Frondem
536 675 834 708 transversaliter
861 679 997 709 sectam
1026 679 1301 712 evidentissime
1328 681 1527 724 ancipitem
1554 680 1643 720 vidi,

120 730 157 761 in
186 730 308 762 media
333 734 437 773 parte
463 732 590 765 inflata
617 733 791 777 siphones
818 735 839 767 4
866 736 959 768 circa
988 737 1309 777 centralem,duos
1323 739 1545 772 diametrum
1560 739 1640 772 lon-

120 790 273 832 giorem,
299 790 393 823 duos
422 791 631 825 breviorem
659 798 901 837 occupantes',
931 806 1014 828 cum
1042 796 1097 829 his
1123 797 1284 830 alternas
1313 798 1466 831 cellulas
1492 798 1513 830 4
1539 800 1641 831 exte-

120 848 247 888 riores,
275 851 311 880 et
337 851 515 892 praeterea
541 851 576 883 in
604 853 694 894 ipsis
722 853 954 895 marginibus
993 855 1189 897 singulam,
1227 866 1356 888 omnes
1395 858 1511 890 strato
1538 857 1641 889 tenui

120 907 285 939 corticali
314 909 464 941 cinctas.
513 910 729 942 Substantia
755 912 962 953 carnosula,
989 912 1124 945 chartae
1152 915 1359 947 arctissime
1385 914 1583 948 adhaerens.

213 966 362 1000 Fronde
389 968 561 1011 ancipite,
587 969 742 1001 ramulis
769 980 789 1001 a
815 970 931 1003 latere
959 972 1067 1014 plano
1104 973 1395 1015 egredientibus,
1423 973 1641 1017 siphonibus

122 1025 298 1068 utrinque
326 1025 344 1057 2
374 1026 645 1068 marginalibus
670 1030 754 1060 ante
782 1029 921 1062 medias
949 1033 982 1061 et
1012 1031 1234 1075 principales
1250 1033 1389 1076 positis,
1405 1032 1480 1065 hzec
1501 1032 1641 1075 species

117 1094 137 1115 a
164 1083 438 1128 Polysiphoniis
474 1085 641 1127 discedit,
674 1097 756 1119 cum
787 1088 911 1131 Polys.
941 1090 1091 1122 miniata
1117 1093 1152 1122 et
1178 1092 1421 1124 Sarcomeniae
1448 1092 1641 1135 speciebus

119 1141 277 1186 reliquis
303 1142 521 1176 affinitatem
552 1146 760 1187 proximam
790 1150 980 1180 structura
1007 1148 1182 1191 peculiari
1210 1149 1384 1192 prodens.

117 1268 154 1307 3.
188 1269 227 1308 S.
262 1269 471 1309 VICTORIAE
503 1272 642 1322 (Hm-v.
672 1276 798 1324 mser.)
830 1274 935 1312 elata
952 1274 1149 1327 pinnatim
1168 1277 1640 1329 decomposito-ramosa,

228 1349 384 1375 sursum
414 1338 537 1389 longe
568 1341 775 1387 corticata,
807 1341 928 1380 ramis
966 1342 1238 1381 teretiusculis
1274 1345 1361 1383 basi
1393 1344 1639 1384 firmioribus

227 1416 401 1456 superne
434 1406 474 1444 in
506 1407 721 1458 penicillos
752 1409 1011 1448 tenuissimos
1043 1410 1199 1457 solutis,
1242 1412 1406 1451 ramulis
1437 1424 1640 1464 compres-

228 1472 281 1510 sis
312 1473 509 1525 pinnatim
541 1488 564 1512 a
594 1474 721 1514 latere
752 1477 1006 1528 planiusculo
1039 1477 1143 1516 intra
1173 1479 1396 1530 marginem
1428 1479 1640 1531 egredien-

228 1541 334 1580 tibus
379 1542 600 1582 linearibus
642 1544 828 1595 utrinque
875 1545 1106 1591 attenuatis,
1153 1546 1332 1585 articulis
1377 1546 1639 1586 inferioribus

227 1609 443 1661 superficie
473 1610 709 1661 reticulatis,
741 1612 1016 1663 superioribus
1049 1612 1166 1650 nudis
1197 1613 1538 1665 heterosiphoniis
1555 1613 1639 1652 dia-

228 1681 357 1716 metro
389 1677 962 1729 duplo·sesq[ii-longioribus,
993 1679 1192 1717 stichidiis
1225 1680 1326 1719 intra
1348 1680 1572 1732 marginem
1590 1681 1639 1719 ad

227 1744 415 1796 genicula
448 1745 694 1797 subsingulis
725 1746 1075 1798 elliptico-ovatis.

208 1823 477 1866 Polysiphonia
504 1825 676 1856 Victoria>
703 1823 822 1858 Harv.
854 1834 960 1859 mser.
985 1825 1025 1858 in
1051 1825 1132 1869 Azy.
1166 1826 1296 1860 Austr.
1330 1826 1423 1860 Eaes.
1449 1835 1508 1860 wo
1536 1827 1638 1861 1001!

225 1891 327 1931 Hab.
358 1892 398 1931 in
431 1905 585 1933 oceano
616 1895 780 1933 australi
811 1895 860 1933 ad
892 1896 987 1934 Port
1017 1896 1166 1948 Phillip
1198 1896 1435 1949 (Harveyl).

209 1971 354 2004 Pedalis
381 1974 416 2003 et
443 1972 552 2009 ultra,
579 1975 763 2006 exsiccata
790 1974 1136 2015 lateritio-miniata,
1162 1976 1379 2018 gelatinosa,
1394 1977 1537 2009 inferne
1553 1976 1637 2009 sub-

115 2028 366 2072 cartssaginea,
394 2030 615 2064 caulescens.
643 2032 744 2064 caule
772 2032 849 2064 basi
877 2032 1113 2074 nudiusculo,
1129 2035 1292 2066 crassitie
1311 2045 1467 2077 pennam
1496 2034 1639 2067 colum-

114 2087 240 2120 binam
256 2089 475 2131 attingente,
504 2099 591 2122 mox
619 2091 731 2122 ramis
758 2090 912 2123 alternis
939 2092 1194 2125 consimilibus
1209 2096 1246 2125 at
1261 2093 1494 2126 brevioribus
1508 2093 1638 2136 pinna-

117 2148 182 2179 tim
209 2147 338 2188 obsita,
366 2158 526 2191 superne
554 2149 589 2180 111
616 2148 812 2192 penicillos
840 2150 1078 2183 tenuissimos
1104 2161 1293 2184 ramorum
1332 2150 1637 2195 ramulorumque

116 2205 249 2237 soluta.
298 2206 402 2238 Rami
431 2206 561 2238 eodem
590 2207 700 2239 inodo
727 2217 747 2238 a
774 2207 851 2239 basi
890 2208 1054 2241 firmiore
1080 2211 1273 2249 attenuati,
1312 2220 1399 2243 mox
1426 2210 1461 2242 in
1489 2220 1632 2242 comam

116 2265 373 2297 tenuissimam
399 2265 590 2298 abeuntes.
631 2265 778 2298 Ramuli
806 2266 880 2298 sere
909 2266 1042 2299 alterni
1071 2270 1116 2308 et,
1145 2270 1184 2299 ut
1210 2269 1331 2311 primo
1357 2268 1497 2300 intuitu
1523 2267 1634 2311 adpa-

114 2326 203 2363 reat,
229 2334 249 2355 a
276 2322 425 2356 rachidc
453 2323 696 2356 teretiuscula
722 2325 905 2367 pinnatim
945 2326 1191 2367 egredientes,
1222 2329 1259 2357 at
1284 2336 1414 2358 revera
1439 2336 1459 2358 a
1484 2324 1636 2358 rachide

115 2391 328 2425 compressa
355 2385 390 2414 et
417 2381 581 2424 ejusdem
609 2382 724 2414 latere
752 2382 861 2426 plano
887 2384 1058 2426 proxime
1085 2384 1183 2416 intra
1211 2385 1417 2428 marginem
1432 2385 1634 2428 01·ti‚dquasi

114 2439 350 2483 marginales,
377 2440 539 2482 elongati
567 2443 603 2472 et
628 2441 705 2473 fere
732 2440 890 2473 lineares
918 2444 954 2473 at
979 2443 1081 2484 apice
1114 2442 1271 2485 longius,
1309 2443 1386 2475 basi
1425 2453 1557 2486 parum
1582 2445 1635 2475 at-

116 2499 267 2538 tenuati,
294 2498 528 2541 complanati.
579 2498 739 2531 Articuli
773 2497 810 2531 in
838 2499 943 2531 caule
969 2501 1156 2544 ramisque
1181 2501 1257 2532 fere
1284 2501 1466 2540 omnibus,
1494 2500 1634 2533 ultimis

114 2555 404 2600 penultimisque
432 2558 606 2600 exceptis,
635 2558 812 2597 corticati,
838 2558 1031 2601 superficie
1066 2559 1292 2591 reticulatim
1326 2570 1462 2592 venosa
1493 2560 1554 2592 vix
1580 2559 1633 2592 di-

115 2614 320 2654 scernendi,
346 2615 383 2647 in
409 2615 565 2648 ramulis
593 2618 628 2648 et
653 2615 803 2648 rachide
831 2616 980 2649 eosdem
1006 2618 1212 2649 sustinente
1228 2617 1328 2658 nudi,
1351 2618 1534 2651 diametro
1561 2627 1633 2650 ses-

114 2673 373 2717 quilongiores
399 2676 463 2706 aut
490 2684 620 2717 parum
646 2674 846 2717 longiores,
875 2685 970 2706 nunc
1008 2675 1082 2707 fere
1121 2675 1233 2718 duplo
1272 2676 1470 2719 longiores,
1496 2677 1533 2708 in
1559 2686 1633 2708 me-

115 2731 177 2764 dio
203 2730 376 2775 siphones
404 2731 625 2776 plerumque
652 2732 681 2772 3,
707 2736 743 2764 et
767 2733 786 2765 2
815 2732 1045 2775 marginales,
1072 2743 1232 2777 quorum
1247 2736 1404 2778 uterque
1430 2735 1467 2766 in
1482 2734 1632 2767 cellulas

115 2790 134 2822 2
162 2791 414 2834 superpositas
440 2791 555 2834 duplo
593 2791 784 2824 breviores
822 2792 1046 2831 subdivisus,
1087 2793 1139 2824 ita
1166 2796 1206 2824 ut
1244 2794 1416 2836 utrinque
1443 2792 1586 2825 cellulae
1612 2792 1630 2824 2

116 2849 341 2891 marginales
369 2851 611 2894 supeipositae
639 2850 796 2892 singulis
822 2849 988 2883 articulis
1016 2851 1276 2894 respondeant.
1315 2852 1484 2884 Sectione
1513 2854 1629 2883 trans-
