1728 3110
129 154 152 195 8
162 154 185 194 ‘2
196 154 219 195 4
751 148 1037 190 RHoDOMELEAE.
1400 151 1657 194 Martensia.

235 282 451 331 Quomodo
504 280 658 320 oriatur
701 279 921 318 fenestrata
965 292 1057 331 pars
1102 290 1211 330 aegre
1255 278 1424 328 dicitur;
1470 280 1656 330 sequenti

125 350 246 389 modo
293 348 381 386 fieri
421 360 474 386 ex
511 351 710 386 structura
742 347 827 385 visa
859 346 1049 398 conjicio.
1108 346 1155 384 In
1187 348 1302 397 parte
1333 345 1587 384 increscente
1618 351 1659 384 et

124 416 256 455 adhuc
288 414 524 466 angustiore
556 413 716 452 cellulae
748 413 854 451 intra
883 412 1482 464 marginemlongitudinaliter
1499 413 1658 452 seriatae

125 483 322 527 oriuntur,
368 493 459 531 quae
497 481 731 519 trabeculae
763 480 865 518 fiunt
893 478 1238 531 longitudinales3
1269 478 1310 517 in
1336 479 1512 529 juvenili
1543 484 1657 531 parte

124 551 196 588 has
226 549 407 588 nondum
439 552 645 599 separatas
677 546 930 598 distinguere
962 546 1070 584 licet.
1116 546 1364 596 Insequente
1397 545 1491 584 dein
1523 545 1657 584 multi-

124 615 347 668 plicatione
378 614 618 652 cellularum
650 613 879 652 trabeculas
911 612 1246 651 constituentium
1279 610 1433 664 majore
1465 624 1585 662 quam
1616 612 1657 650 in

124 686 239 735 parte
284 682 480 720 inferiore
512 680 681 726 frondis,
714 680 949 718 membrana
982 679 1372 718 foveolato-saccata
1402 679 1539 718 evadit
1569 692 1658 718 sen-

127 750 286 800 simque
329 748 369 786 in
402 748 530 800 plicas
568 746 904 798 longitudinales,
936 745 1160 796 interjectis
1191 746 1542 792 transversalibus,
1574 759 1658 784 sur-

126 831 212 855 sum
259 820 300 855 et
343 816 533 854 deorsum
578 814 777 864 tlectitur;
809 813 929 852 dorsa
959 812 1157 865 plicarum
1189 812 1231 851 in
1262 813 1482 851 alterutera
1511 813 1659 864 pagina

125 883 414 936 prominentia,
460 882 611 920 sensim
651 881 779 932 magis
812 880 941 926 firma,
972 880 1201 919 trabeculas
1232 879 1504 928 constituunt;
1536 879 1660 917 inter-

119 951 231 1001 jecta
274 963 380 1002 par-S,
427 949 556 1000 magis
602 948 927 994 membranacea,
974 947 1093 985 initio
1140 947 1369 986 trabeculas
1406 947 1659 998 conjungens

125 1017 275 1056 sensim
307 1021 376 1055 aut
406 1016 585 1066 denique
617 1015 829 1067 rumpitur,
862 1018 902 1052 et
933 1026 1039 1053 areae
1070 1014 1296 1065 interjectae
1313 1017 1465 1065 apertae
1483 1013 1659 1052 forman-

125 1088 200 1122 tur.
275 1084 497 1135 Segmento
543 1083 764 1121 fenestrato
812 1082 906 1120 dein
952 1081 1207 1120 increscente
1252 1080 1531 1132 longitudine,
1576 1084 1658 1119 tum

125 1151 354 1190 trabeculas
401 1150 637 1189 evolutione
682 1149 921 1187 cellularum
967 1148 1203 1200 prolongari
1236 1148 1433 1200 suspicor,
1465 1152 1549 1186 tum
1580 1148 1660 1187 for-

125 1231 195 1256 san
241 1218 346 1256 intra
376 1217 602 1270 marginem
636 1229 761 1255 novas
794 1215 952 1254 areolas
984 1215 1163 1262 formari,
1196 1215 1432 1254 membrana
1464 1215 1659 1267 marginis

125 1286 464 1325 saccato-bullata
515 1284 749 1334 sensimque
802 1282 983 1334 disrupta
1035 1294 1182 1321 novam
1229 1281 1376 1320 seriem
1423 1286 1658 1333 generante.

127 1353 349 1404 Segmento
396 1351 634 1391 flabellatim
667 1350 884 1389 latitudine
915 1362 1098 1401 expanso
1131 1348 1188 1395 fit,
1219 1352 1262 1387 ut
1291 1361 1398 1387 areae
1429 1349 1660 1401 superiores

125 1419 388 1459 inferioribus
434 1419 600 1458 latiores
646 1418 738 1456 sint.
797 1417 1038 1457 Trabeculae
1069 1415 1375 1463 transversales,
1407 1429 1528 1455 zonas
1565 1428 1660 1455 con-

126 1488 325 1526 centricas
357 1486 593 1532 formantes,
638 1484 914 1524 evolutionem
947 1482 1146 1535 rhytmice
1176 1482 1445 1535 interruptam
1475 1482 1641 1521 trabecu

125 1555 253 1593 larum
287 1553 646 1605 longitudinalium
679 1552 815 1591 forsan
848 1551 1052 1601 indicantg
1094 1550 1314 1590 trabeculis
1351 1550 1659 1602 longitudinali-

127 1623 199 1660 bus
230 1620 483 1673 prolongatis
520 1632 638 1658 novae
670 1619 854 1658 oriuntur
884 1618 1105 1657 trabeculae
1137 1617 1427 1656 transversales
1458 1629 1561 1669 vage
1581 1617 1660 1656 dis-

125 1689 285 1740 positis,
316 1700 415 1738 quas
446 1686 695 1725 accessorias
729 1685 950 1725 nominavi.

236 1755 399 1794 Fronde
451 1753 777 1792 transversaliter
828 1757 951 1799 secta,
1003 1753 1178 1804 adparet
1221 1755 1378 1804 partem
1423 1752 1660 1791 inferiorem

126 1822 360 1873 contiguam
392 1833 481 1859 esse
513 1821 670 1859 duobus
702 1820 836 1858 stratis
868 1823 1118 1866 contextam,
1150 1819 1309 1858 cellulis
1340 1831 1488 1871 nempe
1516 1819 1661 1857 utrius-

126 1902 204 1940 que
234 1889 396 1940 paginae
427 1886 767 1939 superficialibus,
800 1890 840 1924 et
868 1886 1133 1925 interioribus
1161 1885 1390 1937 simplicem
1407 1885 1446 1923 in
1465 1889 1580 1937 parte
1599 1889 1656 1924 te-

127 1956 271 1995 nuiore
316 1960 385 1993 aut
416 1953 620 2006 duplicem
654 1958 694 1992 et
724 1953 849 1993 immo
880 1953 1151 2005 multiplicem
1183 1953 1224 1991 in
1256 1952 1452 1991 inferiore
1485 1956 1525 1990 et
1555 1964 1660 1990 cras-

126 2023 233 2061 siore
278 2021 427 2060 seriem
472 2021 754 2060 formantibus.
814 2020 985 2058 Cellulae
1025 2019 1235 2070 utriusque
1273 2018 1387 2058 strati
1418 2019 1607 2071 plurimae
1639 2032 1661 2057 e

126 2089 296 2141 regione
340 2088 498 2140 positae,
544 2087 600 2125 ita
645 2091 687 2125 ut
730 2100 754 2125 a
792 2086 942 2139 pagina
973 2087 1079 2124 visas
1114 2086 1274 2124 unicam
1306 2086 1453 2124 seriem
1485 2086 1662 2125 formare

126 2157 212 2194 fere
257 2155 458 2194 crederes,
518 2155 563 2192 In
611 2158 725 2206 parte
756 2153 979 2191 fenestrata
1012 2153 1155 2191 eadem
1187 2156 1311 2191 strata
1342 2153 1486 2191 adesse
1516 2153 1661 2191 viden-

126 2227 202 2269 tur,
248 2226 288 2260 at
331 2221 540 2261 difficilius
588 2220 800 2269 distincta;
845 2219 885 2257 in
932 2219 1151 2259 trabeculis
1182 2219 1358 2272 propriis
1397 2223 1587 2270 utraque;
1619 2219 1660 2257 in

126 2289 364 2328 membrana
409 2288 566 2326 areolas
611 2299 755 2326 coecas
795 2286 1010 2324 claudente
1042 2299 1149 2325 nunc
1179 2290 1335 2326 tantum
1369 2286 1531 2325 unicum
1562 2290 1660 2325 stra-

128 2361 214 2395 tum
244 2355 385 2393 videre
415 2354 584 2393 credidi.

236 2424 407 2462 Fructus
438 2421 478 2459 in
512 2424 626 2473 parte
658 2420 879 2458 fenestrata
910 2420 1119 2472 praecipue
1151 2421 1327 2471 evoluti;
1357 2433 1448 2460 raro
1481 2421 1521 2459 in
1546 2424 1661 2473 parte

126 2490 318 2542 contigua
349 2489 723 2540 sphaerosporarum
755 2500 869 2526 soros
901 2487 1078 2526 minutos
1110 2487 1349 2527 rotundatos
1381 2488 1658 2527 observarunt.

126 2556 364 2596 Keramidia
409 2555 468 2601 (in
514 2554 634 2593 unica
680 2554 817 2605 specie
854 2557 1009 2591 tantum
1041 2554 1140 2592 mihi
1172 2555 1353 2606 cognita)
1383 2566 1406 2592 a
1435 2559 1550 2606 parte
1580 2559 1658 2593 tra-

126 2623 284 2662 beculae
319 2622 469 2661 sensim
500 2621 642 2659 inflata
673 2620 877 2669 oriuntur;
909 2620 1003 2658 hinc
1033 2621 1137 2672 parti
1169 2621 1296 2660 basali
1328 2620 1447 2659 latius
1465 2633 1659 2673 expansae

127 2690 348 2730 trabeculae
390 2689 602 2727 adhaerent
641 2691 681 2726 et
711 2686 874 2725 sessiles
906 2691 1084 2733 manent,
1117 2687 1244 2726 altera
1273 2687 1469 2739 producta
1500 2687 1540 2725 in
1573 2699 1658 2726 car-

127 2756 388 2808 postomium,
434 2755 536 2793 liunt
579 2753 733 2793 ambitu
773 2752 1134 2799 urceolato-ovata,
1167 2753 1411 2800 (madefacta
1443 2758 1483 2792 et
1512 2754 1554 2792 ni
1586 2753 1658 2791 fal-

128 2823 190 2860 lor
232 2822 414 2860 recentia
460 2826 640 2871 quoque)
686 2831 931 2871 compressa,
978 2818 1082 2857 intra
1112 2819 1385 2872 pericarpium
1417 2820 1656 2859 cellulosum

129 2888 521 2939 polystromaticum,
563 2885 835 2939 carpostomio
866 2885 1045 2936 regulari
1076 2889 1273 2938 apertum,
1303 2886 1492 2924 nucleum
1523 2887 1658 2925 eleva-
