1728 3110
150 129 203 170 42
212 132 234 172 5
247 130 270 171 8
769 132 798 173 R
806 146 1050 174 HODOMELEAE.
1382 141 1659 185 Sarcomem‘a.

251 261 431 300 vioribus
461 261 730 314 superpositis
761 262 951 302 articulos
982 263 1111 303 nudos
1143 268 1229 309 (aut
1245 266 1406 305 demum
1425 267 1658 308 corticatosl

251 328 601 368 constituentibus.
660 330 893 368 Keramidia
924 331 1292 383 obovato-globosa
1322 333 1363 371 in
1394 334 1548 373 ramulo
1566 347 1658 386 pro-

248 395 427 435 lificante
457 397 635 448 obliqua,
667 397 770 435 intra
810 398 1080 449 pericarpium
1120 399 1358 439 cellulosum
1389 401 1658 452 carpostomio

246 468 428 515 apertum
461 464 682 515 gemmidia
723 465 960 517 pyriformia
990 465 1030 504 in
1062 466 1231 506 articulo
1264 468 1466 506 terminali
1499 468 1657 507 filorum

245 543 267 568 a
299 531 486 582 placenta
514 532 759 570 radiantium
778 532 969 573 foventia.
1005 534 1197 571 Stichidz'a
1222 534 1462 581 lanceolata,
1480 548 1502 573 a
1520 536 1657 587 phyllo

243 598 499 650 prolificante
545 599 844 646 transformata,
897 601 1198 653 sphaerosporas
1253 601 1458 653 oppositas
1506 602 1655 654 duplici

244 665 349 704 serie
379 666 598 713 ordinatas,
633 667 837 719 triangule
868 667 1017 706 divisas
1049 668 1244 707 foventia.

241 744 423 783 Frondes
454 750 557 783 statu
589 746 742 783 recenti
777 745 1201 797 griseo-iridiscentes‚
1227 747 1267 785 in
1284 760 1378 786 aere
1397 748 1476 786 cito
1494 751 1656 786 mutatae

135 811 340 850 coceineae
371 812 531 850 facilius
563 813 782 859 dissolutae,
814 816 882 851 aut
912 813 1076 852 latiores
1094 814 1259 854 omnino
1280 815 1425 867 planae,
1443 819 1512 853 aut
1526 815 1655 853 tenui-

131 890 220 916 ores
252 877 463 917 filiformes
495 892 546 917 ex
566 879 742 931 ancipite
769 879 1054 927 teretiusculae,
1080 882 1440 933 nempejuveniles
1461 882 1656 933 ancipites

130 945 280 984 sensim
316 946 479 985 evoluto
497 946 678 985 corticali
712 950 835 985 strato
855 947 983 998 magis
1014 950 1174 994 teretes,
1207 948 1572 1000 prolificationibus
1590 952 1655 986 aut

129 1012 327 1064 pinnatim
359 1018 427 1051 aut
457 1014 689 1052 dichotome
722 1014 929 1066 dispositis
961 1027 1144 1061 ramosae‚
1170 1019 1265 1054 totae
1284 1028 1409 1067 usque
1439 1016 1489 1055 ad
1521 1015 1655 1068 apices

129 1081 347 1129 continuae,
379 1087 446 1120 aut
489 1082 647 1120 inferne
680 1082 887 1121 corticatae
905 1086 945 1121 et
958 1096 1131 1134 superne
1148 1083 1383 1130 articulatae,
1398 1088 1466 1122 aut
1482 1087 1576 1123 totae
1594 1096 1654 1121 ar-

127 1148 319 1188 ticulatae.
354 1150 470 1187 Rami
506 1163 525 1187 a
559 1150 671 1188 disco
704 1149 994 1201 prolificantes,
1013 1150 1116 1188 intra
1131 1151 1353 1202 marginem
1383 1150 1473 1197 orti,
1494 1151 1653 1189 demum

128 1228 237 1268 saepe
271 1217 515 1268 adparenter
549 1215 808 1267 marginales,
840 1216 951 1254 varie
983 1216 1192 1268 dispositi;
1222 1218 1262 1255 in
1292 1217 1498 1256 nonnullis
1529 1216 1653 1268 sparsi

127 1284 359 1335 sensimque
392 1289 676 1322 excrescentes
708 1284 892 1323 frondem
920 1284 1094 1323 reddunt
1124 1285 1367 1336 adparenter
1392 1289 1460 1323 aut
1476 1284 1656 1323 dichoto-

130 1363 236 1388 mam
268 1355 336 1388 aut
366 1350 598 1402 pinnatam2
630 1351 669 1389 in
689 1350 779 1389 aliis
796 1363 849 1389 ex
865 1351 1005 1389 eadem
1024 1351 1172 1403 pagina
1203 1356 1456 1403 emergentes
1481 1351 1653 1403 oppositi

126 1416 309 1456 frondem
342 1418 534 1456 simulant
584 1418 756 1456 distiche
801 1417 1029 1469 pinnatam;
1061 1419 1102 1456 in
1127 1418 1217 1457 aliis
1234 1419 1420 1458 bifariam
1440 1419 1501 1463 (ni
1517 1419 1653 1467 fallor)

125 1496 178 1522 ex
211 1485 352 1524 eadem
373 1485 519 1537 pagina
545 1490 755 1534 exeuntes,
773 1499 913 1524 omnes
932 1486 1145 1524 unifariam
1164 1487 1283 1533 versi,
1310 1486 1493 1526 frondem
1511 1498 1652 1524 secun-

124 1552 256 1590 datam
289 1552 481 1591 referunt.
514 1552 674 1590 Ramuli
696 1552 872 1591 minores
902 1557 970 1590 aut
987 1552 1108 1590 ramis
1127 1553 1297 1604 adpectu
1316 1558 1356 1592 et
1385 1553 1652 1605 dispositione

123 1619 368 1666 conformes,
386 1624 453 1658 aut
471 1619 710 1667 dissimilem
743 1620 782 1658 in
801 1619 987 1671 plurimis
1006 1632 1150 1671 nempe
1169 1620 1381 1671 speciebus
1400 1625 1491 1659 sunt
1507 1620 1651 1658 ramuli

125 1686 323 1738 ancipites
354 1687 554 1725 articulati
587 1691 627 1725 et
658 1686 891 1736 ecorticati;
932 1687 1083 1725 cortice
1114 1688 1263 1726 sensim
1296 1688 1458 1727 evoluto
1490 1686 1648 1725 articuli

123 1753 391 1793 obsoletior-es
438 1753 539 1792 fiunt
578 1758 619 1792 et
648 1754 748 1792 rami
781 1754 1031 1792 teretiusculi
1071 1758 1138 1792 aut
1175 1767 1226 1792 ex
1258 1755 1375 1792 tereti
1407 1753 1650 1806 compressi;

123 1820 163 1858 in
198 1821 405 1859 nonnullis
437 1822 651 1872 speciebus
681 1825 815 1873 partes
859 1834 1019 1871 quoque
1050 1821 1228 1859 maxime
1253 1821 1458 1871 juveniles
1501 1820 1650 1859 cortice

129 1886 316 1926 obductae
349 1887 605 1934 evolvuntur,
632 1889 737 1926 unde
769 1892 851 1927 tota
877 1888 987 1926 frons
1019 1888 1211 1927 continua
1240 1888 1419 1940 adparet.
1477 1887 1647 1926 Articuli

124 1954 323 2006 peculiari
354 1960 549 1994 structura
584 1955 787 2007 insignes;
819 1959 1005 1994 constant
1035 1955 1224 1994 nimirum
1243 1956 1480 2007 siphonibus
1500 1956 1524 1993 4
1543 1955 1649 1994 circa

122 2021 344 2059 centralem
376 2022 609 2060 tenuiorem
641 2022 861 2074 dispositis,
903 2026 1057 2074 partem
1089 2022 1310 2060 centralem
1341 2022 1648 2074 occupantibus,

122 2088 309 2127 omnibus
340 2088 614 2140 aeq>uelongis;
646 2089 849 2140 margines
880 2089 1035 2128 frondis
1066 2089 1255 2141 ancipitis
1282 2094 1481 2142 occupant
1513 2089 1646 2141 sipho-

121 2166 192 2192 nes
225 2153 412 2204 utrinque
443 2154 480 2201 2,
512 2154 716 2206 prioribus
747 2155 870 2207 duplo
903 2155 1125 2201 breviores,
1157 2156 1212 2194 ita
1234 2161 1275 2195 ut
1292 2155 1536 2208 superpositi
1567 2156 1646 2195 duo

122 2221 315 2273 marginis
353 2222 549 2272 cujusque
594 2222 763 2273 singulis
810 2222 990 2260 articulis
1035 2223 1274 2275 pertineant.
1336 2224 1380 2261 In
1435 2222 1645 2262 frondibus

121 2289 323 2328 continuis
353 2288 485 2340 planis
517 2289 696 2326 maxime
725 2288 976 2340 juvenilibus
1017 2290 1254 2328 cellularum
1287 2289 1525 2328 interiorum
1559 2289 1643 2327 uni-

121 2367 225 2401 cum,
257 2355 361 2394 intra
392 2355 599 2402 corticem,
630 2355 745 2393 adest
774 2359 939 2393 stratum
972 2355 1197 2395 directione
1236 2356 1366 2395 folioli
1409 2360 1644 2404 extensum;

120 2423 208 2474 ipsa
237 2435 334 2462 vero
366 2423 514 2461 cellula
543 2415 746 2469 conti-alis,
779 2435 849 2460 seu
879 2434 999 2460 axem
1031 2435 1247 2474 occupans,
1287 2435 1424 2461 versus
1455 2422 1642 2474 paginam

122 2494 332 2540 utramque
365 2489 611 2528 exteriorem
630 2489 752 2529 habet
770 2489 972 2536 cellulam,
997 2490 1097 2527 axili
1126 2489 1398 2537 conformem;
1429 2489 1468 2527 in
1502 2488 1643 2527 fronde

122 2556 323 2595 adultiore
355 2560 552 2607 augentur
583 2556 741 2595 cellulae
758 2555 985 2603 interiores,
1011 2562 1050 2595 et
1066 2560 1189 2602 costa,
1207 2569 1363 2594 sursum
1380 2567 1638 2601 evanescens,

125 2623 348 2663 obsoletior
392 2635 498 2661 nunc
535 2622 819 2675 conspiciatur.
880 2622 1049 2661 Cellulae
1091 2622 1305 2662 corticales
1333 2626 1401 2660 aut
1431 2622 1636 2661 breviores

124 2691 578 2742 rotundato-angulatae,
609 2695 678 2730 aut
707 2692 926 2743 longiores,
958 2691 1129 2731 lineolas
1160 2690 1401 2730 reticulatim
1427 2691 1587 2741 junctas
1618 2702 1639 2728 a

126 2758 342 2810 superficie
372 2757 469 2796 visae
499 2758 735 2796 referentes.

229 2823 464 2863 Keramidia
492 2828 646 2863 tantum
678 2824 719 2863 in
749 2824 876 2864 tribus
907 2824 1120 2876 speciebus
1149 2837 1171 2862 a
1202 2837 1266 2863 me
1297 2824 1403 2875 visa;
1436 2824 1476 2862 in
1508 2823 1636 2862 omni-

122 2890 193 2928 bus
223 2890 578 2930 transformatione
608 2891 741 2931 folioli
771 2890 1052 2944 prolificantis,
1084 2892 1191 2942 quod
1222 2891 1331 2930 aliud
1362 2891 1532 2930 sustinet
1578 2890 1634 2929 fo-
