1728 3110
23 173 184 226 Dasya.
634 168 913 211 RnonouELEAE.
1411 171 1427 212 4
1445 172 1529 214 175

22 300 132 339 rimis
163 299 255 337 dein
298 298 413 337 novis
445 309 466 334 e
498 297 598 335 mari
643 298 804 336 australi
847 301 1060 351 reportatis
1105 301 1329 352 speciebus,
1373 300 1535 353 Harvey

22 368 60 406 in
91 366 186 405 Ner.
219 366 395 404 Australi
444 365 529 402 sere
574 366 889 417 monographice
933 380 1057 418 genus
1088 370 1285 415 tractavit,
1316 369 1356 407 in
1389 370 1533 420 subge-

23 448 117 473 nera
147 433 362 472 subdivisit
391 437 431 471 et
461 432 618 484 species
650 432 802 470 eximie
834 433 1068 483 illustravit;
1100 449 1199 487 opus
1230 436 1285 473 ita
1301 435 1533 475 inchoatum

22 501 61 539 in
92 501 270 539 Nereide
300 500 393 538 Bor.
429 498 677 537 'Americana
721 500 982 538 continuavit.
1041 501 1122 539 Alii
1152 502 1307 540 interea
1337 515 1462 553 genus
1493 503 1533 540 in

22 569 135 621 plura
165 568 387 607 dissolvere
419 566 553 605 conati
584 570 686 604 sunt.
744 567 919 605 Nomine
949 569 1210 620 Dasyopsidis
1240 570 1287 607 D.
1320 569 1533 621 spinellam

24 639 62 673 et
91 635 300 686 proximas
346 634 549 685 separavit
594 633 827 672 Zanardini.
884 635 1040 673 Eodem
1083 635 1167 673 fere
1197 640 1379 688 tempore
1408 641 1534 677 totum

24 714 148 753 genus
180 701 220 739 in
253 700 368 752 plura
412 700 673 739 subdividere
719 701 881 738 molitus
927 707 987 739 est
1014 703 1210 754 Kritzing;
1242 716 1373 754 neque
1403 708 1534 742 autem

25 767 287 813 characteres,
318 779 450 817 neque
482 766 631 804 limites
679 779 871 817 generum
913 772 1005 806 sunt
1034 769 1245 818 ejusmodi,
1277 774 1318 807 ut
1349 770 1535 808 distribu-

23 835 173 874 tionem
205 848 229 872 a
259 834 476 885 Kiitzingio
508 834 755 886 propositam
782 835 1052 886 adoptandam
1078 840 1272 887 putarem.
1304 837 1536 888 Eupogonii

25 915 148 954 genus
180 901 474 940 diversissimas
520 901 868 952 comprehendere
913 901 1235 949 (Callithamnia,
1279 904 1536 954 Wrangelias

26 974 64 1007 et
93 969 266 1020 Dasyas)
306 970 390 1019 jam
436 968 722 1006 animadvertit
758 968 931 1020 Har-vey.
990 969 1051 1007 Ad
1083 969 1367 1021 Eupogonium
1398 971 1445 1008 D.
1476 983 1536 1007 ar-

25 1036 245 1082 busculam,
291 1035 470 1085 ejusdem
516 1047 612 1073 vero
659 1035 887 1086 proximam
934 1036 981 1074 D.
1030 1037 1241 1075 ocellatam
1285 1037 1334 1075 ad
1365 1037 1534 1088 Dasyam

34 1103 182 1142 retulit=
256 1102 416 1141 Genera
471 1102 847 1149 Trichothamnion,
893 1104 1147 1155 Eupogodon
1191 1108 1230 1142 et
1273 1104 1537 1155 Lophothalia

26 1170 274 1209 sectionibus
308 1169 504 1221 Harveyi:
537 1169 816 1222 Stichocarpo,
846 1171 1043 1221 Dasyopsi
1076 1176 1116 1209 et
1146 1171 1423 1222 Lophothaliae
1454 1170 1537 1208 fere

26 1237 283 1289 respondent.
316 1261 370 1265 —
400 1237 491 1288 Ipse
522 1237 598 1275 hoc
630 1238 720 1276 loco
752 1251 774 1275 a
804 1238 1071 1289 dispositione
1100 1239 1337 1290 Har-veyana
1366 1238 1405 1276 in
1439 1251 1537 1276 non-

27 1304 146 1342 nullis
190 1305 382 1342 recedere
426 1309 587 1342 coactus
632 1304 702 1350 fui,
746 1304 778 1341 si
809 1305 972 1355 quidem
1018 1306 1287 1343 satisfacerem
1333 1304 1538 1343 affinitati-

29 1372 98 1411 bus
130 1371 369 1423 specierum,
401 1371 539 1421 quales
570 1372 863 1423 perspexerim.
896 1372 1173 1423 Lophothaliae
1190 1372 1409 1410 sectionem
1439 1372 1538 1409 Har-

28 1438 116 1489 veyi
148 1452 170 1475 a
201 1438 358 1476 caeteris
403 1442 599 1477 structura
646 1438 824 1477 stichidii
869 1439 1072 1491 praecipue
1112 1439 1272 1478 differre
1303 1439 1470 1491 agnovi;
1501 1443 1541 1476 at

29 1505 183 1557 Species
229 1505 345 1554 hujus
390 1505 582 1543 sectionis
627 1505 801 1544 invicem
834 1507 911 1545 hoc
940 1511 1124 1559 respectu
1155 1507 1345 1545 differunt
1373 1511 1413 1545 et
1442 1506 1538 1544 duas

29 1573 228 1610 sectiones
258 1573 451 1611 creandas
482 1577 640 1624 urgent,
672 1586 840 1624 quarum
872 1587 950 1612 una
979 1574 1287 1627 (Lophocladia)
1329 1574 1433 1612 inter
1462 1573 1539 1611 Da-

30 1652 116 1690 syas
148 1640 324 1690 reliquas
356 1644 395 1677 et
425 1640 714 1691 Lophothalias
744 1641 926 1692 proprias
956 1640 1011 1679 ita
1041 1641 1280 1679 intermedia
1312 1645 1383 1686 est,
1402 1644 1443 1678 ut
1464 1640 1540 1678 Lo-

31 1706 220 1757 photaliae
237 1719 377 1757 gentle,
410 1707 517 1757 quod
543 1707 627 1757 jam
660 1708 927 1759 separandum
958 1708 1152 1747 indicavit
1182 1708 1353 1758 Harvey,
1385 1706 1540 1745 caeteris

33 1773 242 1825 speciebus
273 1774 521 1812 adnectatur.
566 1774 799 1825 Subgenera
826 1774 1081 1826 Hal-veyana:
1114 1774 1385 1826 Compsoteia,
1416 1774 1542 1824 Dasy-

34 1839 139 1891 opsis
170 1844 210 1878 et
240 1840 526 1893 Stichocarpus
558 1842 684 1880 multo
717 1841 847 1879 minus
878 1841 1053 1879 invicem
1084 1841 1286 1886 differunt,
1318 1839 1540 1890 quamhaec

34 1907 166 1945 omnia
197 1910 411 1960 conjuncta.
441 1921 461 1945 a
493 1908 674 1947 sectione
706 1908 867 1960 generis
884 1921 1000 1958 quam
1033 1908 1339 1947 Rhodonemam
1370 1906 1541 1945 vocavit.

32 1973 186 2013 Eadem
217 1975 340 2026 igitur
384 1975 549 2014 nomine
596 1975 849 2027 Stichocarpi
888 1975 1092 2025 conjunxi.
1154 1974 1318 2025 Species
1349 1976 1543 2024 praeterea

34 2042 245 2079 nonnullas
263 2042 313 2081 ab
345 2055 423 2080 una
453 2043 503 2080 ad
534 2042 701 2080 alteram
733 2042 957 2081 sectionem
987 2042 1185 2093 relegavi:
1213 2041 1372 2090 Harvey
1398 2051 1542 2090 nempe

34 2106 73 2146 in
103 2108 246 2147 fronde
277 2109 488 2147 articulata
519 2113 559 2147 et
590 2109 856 2160 dispositione
893 2122 1095 2147 ramorum
1126 2107 1352 2159 praecipuos
1384 2106 1543 2144 charac-

36 2177 139 2212 teres
171 2175 379 2225 queesivit2
411 2180 563 2222 contra,
595 2188 648 2213 ex
679 2180 876 2214 structura
907 2176 1066 2214 diversa
1096 2174 1272 2213 stichidii
1304 2178 1343 2212 et
1370 2171 1543 2211 ramulo-

32 2254 116 2279 rum
148 2242 234 2293 ipse
273 2243 430 2293 species
474 2242 746 2293 disponendas
785 2243 981 2294 judicavi.
1015 2268 1063 2271 μ
1098 2242 1298 2280 Praeterea
1328 2240 1367 2277 in
1399 2237 1543 2276 limita-

34 2307 141 2347 tione
173 2309 332 2359 generis
378 2309 569 2358 quasdam
615 2310 859 2348 mutationes
904 2309 1066 2348 molitus
1098 2322 1196 2346 sum.
1254 2304 1540 2356 Heterosipho-

37 2374 140 2412 niam
172 2375 421 2426 Montagnei,
454 2388 573 2425 quam
610 2376 787 2427 speciem
819 2375 1118 2427 Polysiphoniae
1147 2371 1416 2413 consideravit
1444 2370 1542 2408 Har-

35 2453 120 2491 vey,
152 2446 220 2479 aut
259 2454 386 2493 genus
430 2442 635 2493 proprium
681 2447 750 2480 aut
793 2444 936 2493 Dasvae
975 2441 1150 2493 speciem
1182 2444 1290 2491 puto,
1349 2436 1543 2475 Stichidia

0 2526 1 2534 ¹
36 2520 98 2545 me
122 2508 262 2558 judice
293 2514 385 2547 sunt
414 2510 572 2560 Dasyae,
603 2521 677 2547 nec
706 2522 802 2548 vero
834 2507 1155 2559 Polysiphoniae;
1188 2504 1369 2556 capsulas
1394 2516 1414 2540 a
1432 2503 1543 2540 Mon-

31 2577 181 2626 tagneo
212 2576 393 2626 depictas
425 2575 651 2613 keramidia
682 2576 881 2614 calcarata
911 2575 1057 2624 Dasxoe
1088 2572 1206 2610 facile
1225 2570 1430 2616 crederes;
1462 2573 1544 2607 tota

37 2641 273 2680 ramificatio
304 2641 455 2680 indicat
493 2642 669 2694 plantam
716 2644 859 2693 Dasyae
904 2639 1165 2679 subsecundat*
1209 2637 1423 2675 admodum
1454 2650 1544 2688 pro·

38 2708 238 2759 pinquam.
297 2708 461 2754 Contra,
492 2721 514 2745 a
542 2709 688 2761 Dasya,
719 2715 865 2762 praeter
895 2707 1049 2759 species
1072 2707 1157 2756 jam
1188 2709 1305 2742 antea
1334 2716 1356 2740 a
1386 2703 1545 2753 Har-vey

40 2775 235 2821 exclusas,
266 2776 312 2813 D.
346 2780 541 2821 teneram,
572 2788 594 2812 a
624 2775 785 2829 Harvey
815 2775 1093 2819 introductam,
1125 2771 1419 2809 excludendam
1452 2782 1544 2807 cen-

42 2852 120 2880 seo.
180 2842 386 2880 Structura
431 2842 646 2893 siphonum
690 2842 969 2894 marginalium
1001 2840 1087 2878 haec
1117 2838 1271 2890 species
1302 2842 1384 2875 tum
1415 2849 1437 2873 a
1469 2848 1544 2874 cac-

40 2908 133 2946 teris
163 2909 308 2962 Dasyae
339 2909 565 2961 speciebus
597 2914 680 2948 tum
711 2924 733 2948 a
763 2905 1113 2959 Heterosiphonia,
1152 2904 1215 2942 cui
1258 2904 1333 2942 hoc
1362 2907 1547 2954 respectu

130 2974 190 3008 IV.
1413 2970 1455 3002 76
