1728 3110
126 141 219 182 726
767 134 999 177 Cnosmum.
1361 133 1644 179 Lomenlarz‘a.

124 269 490 309 infra-corticalibus
521 269 694 319 evolutae,
723 269 860 306 nucleo
891 267 1097 306 rotundato
1128 268 1224 305 iutra
1254 268 1645 317 perisporiumhyali·

124 350 214 377 num
247 338 431 387 triangule
460 337 728 386 quadridiviso.

234 408 358 443 Genus
390 404 635 444 Lomentariae
666 416 684 441 a
715 403 910 451 Lyngbyeo
944 403 1147 440 formatum
1172 403 1320 441 unicam
1337 406 1646 453 comprehende-

126 475 186 512 bat
230 478 262 512 L.
300 475 551 522 articulatam3
594 476 626 510 L.
670 472 883 509 Kaliformis
926 471 971 508 ad
1014 471 1113 508 aliud
1156 482 1276 518 genus
1316 471 1489 509 Gastridii
1521 473 1646 511 adnu-

124 542 352 580 merabatur.
424 542 570 579 Gaillon
620 540 847 589 principales
892 538 1039 588 species
1084 539 1235 586 generis
1279 539 1348 576 sub
1391 551 1461 578 suo
1506 552 1646 588 genere

124 609 368 648 Lomentariae
409 609 656 657 enumeravit,
695 608 969 655 lieterogeneas
1012 618 1102 644 vero
1141 608 1268 655 plures
1308 607 1526 657 introduxit,
1557 619 1648 656 quas

125 676 162 713 in
194 677 373 725 operibus
403 676 542 723 Dubyei
576 679 613 712 et
642 675 857 722 Montagnei
889 673 1013 723 quoad
1044 677 1188 723 partem
1219 674 1412 723 adoptatas
1444 675 1649 723 etquidem

125 744 232 781 novis
262 748 387 781 auctas
419 743 646 780 invenimus.
692 745 730 779 ln
750 742 844 789 Algis
869 741 1456 791 mediterraneis,lieterogeneis
1474 742 1650 791 expulsis,

126 811 263 848 limites
294 811 380 847 duxi
413 810 563 858 generis
594 809 788 858 hodierni,
821 820 961 847 nomen
993 813 1118 846 autem
1152 811 1370 856 usurpatum
1395 809 1651 857 Cliylocladiae,

125 879 226 927 qumi
259 891 277 916 a
309 879 495 916 Grevilleo
535 882 808 928 mutuaveram,
846 878 932 924 Juro
970 889 1039 915 suo
1083 878 1216 925 rejecit
1252 877 1464 925 Endlicher,
1507 877 1569 925 qui
1601 876 1649 912 ita

125 949 257 983 auctor
297 946 469 983 hodierni
516 946 666 994 generis
709 945 952 983 Lomentariae
995 943 1265 982 existimandus
1310 948 1375 982 est.
1448 947 1488 982 ln
1531 955 1649 992 opere

125 1014 238 1050 citato
269 1013 361 1051 duas
390 1014 581 1051 sectiones
611 1013 768 1050 Generis
800 1023 1087 1062 proposueram,
1118 1024 1210 1061 quas
1239 1012 1308 1049 sub
1338 1011 1495 1049 nomine
1519 1011 1648 1048 Chon-

125 1080 214 1117 driae
246 1084 282 1118 et
312 1082 496 1119 Eucladiae
527 1081 716 1130 adoptavit
746 1080 957 1118 Endliclier.
1019 1080 1187 1129 lx'utzing,
1219 1079 1371 1117 easdem
1403 1078 1592 1116 sectiones
1611 1080 1650 1114 ut

126 1159 262 1196 genera
295 1149 440 1187 diversa
473 1149 666 1199 exbibens,
698 1149 835 1186 limites
866 1152 990 1186 tamen
1024 1149 1070 1186 ita
1102 1149 1257 1186 mutavit
1288 1144 1649 1194 utchrys.uvariam

127 1216 224 1254 inter
253 1228 316 1253 sua
349 1217 606 1254 Gastroclonia
636 1216 757 1254 adliuc
788 1219 999 1254 enumeret.

235 1287 424 1322 structura
472 1285 617 1322 frondis
661 1284 903 1323 Lomentariae
951 1285 996 1322 ita
1043 1284 1255 1335 peculiaris,
1300 1286 1339 1320 ut
1383 1293 1500 1331 genus
1545 1282 1649 1320 nullo

125 1352 279 1399 negotio
311 1364 329 1389 a
360 1353 531 1401 plurimis
562 1352 821 1400 distinguatur.
884 1356 1000 1390 Frons
1031 1352 1210 1389 nimirum
1242 1356 1298 1389 est
1327 1362 1415 1389 vere
1447 1350 1651 1400 articulata,

126 1420 271 1457 articuli
315 1432 404 1458 vero
451 1420 519 1469 ipsi
565 1420 710 1457 cellulis
754 1420 924 1469 plurimis
970 1420 1134 1469 conflati,
1178 1423 1216 1456 et
1248 1419 1325 1468 ipsa
1357 1419 1648 1468 diapliragmata,

127 1489 272 1526 loculos
309 1488 532 1537 separantia,
573 1487 717 1525 cellulis
756 1491 928 1525 coustant
966 1488 1137 1536 plurimis
1176 1488 1211 1524 in
1251 1487 1512 1525 membranam
1551 1498 1649 1525 con-

123 1557 272 1601 junctis.
338 1557 533 1594 Nonnullae
570 1556 730 1607 species,
768 1568 849 1604 quae
892 1556 1028 1593 liabent
1068 1556 1215 1593 caulem
1253 1556 1546 1594 solidescentem
1587 1566 1651 1592 ra-

126 1623 327 1670 mulosque
369 1622 567 1660 tubulosos
611 1635 709 1672 saepe
755 1623 868 1661 unico
912 1623 1072 1660 articulo
1117 1626 1353 1673 constantes,
1396 1635 1415 1660 a
1458 1621 1651 1659 nonnullis

126 1689 397 1737 Clu-ysymeniae
440 1690 638 1738 speciebus
680 1690 803 1739 quoad
842 1693 1067 1727 structuram
1108 1690 1253 1740 frondis
1283 1701 1415 1738 parum
1448 1690 1650 1740 recedunt,

126 1761 310 1794 structura
337 1761 461 1795 autem
488 1758 676 1794 fructuum
696 1758 853 1795 omnino
871 1758 1031 1795 diversa.
1065 1761 1101 1795 ln
1120 1757 1383 1804 Clu-ysymenia
1403 1758 1482 1795 fere
1499 1756 1650 1806 favella

129 1826 223 1862 intra
267 1825 518 1874 pericarpium
552 1825 692 1862 inclusa
724 1825 846 1874 adest3
879 1825 1080 1873 gemmidia
1111 1836 1248 1875 nempe
1279 1825 1420 1861 minuta
1453 1824 1649 1862 rotundata

127 1894 183 1930 vel
229 1894 399 1939 angulata
445 1894 548 1930 nullo
595 1893 730 1930 ordine
775 1894 868 1930 intra
915 1894 1116 1941 gelatinam
1161 1893 1401 1930 cohibentem
1433 1894 1649 1941 conjuncta.

127 1960 370 1998 Lomentarioe
415 1960 556 1997 fructus
598 1964 685 1998 sunt
728 1960 974 2007 lferamz'dia;
1026 1960 1226 2008 gemmidia
1273 1960 1455 1998 obconica
1502 1961 1537 1997 in
1580 1960 1650 1997 filis

127 2041 146 2066 a
178 2029 347 2076 placenta
379 2027 608 2065 radiantibus
631 2028 791 2066 invicem
824 2028 951 2065 liberis
984 2030 1143 2067 evoluta.
1204 2028 1393 2065 Catenella
1425 2027 1549 2075 quoad
1580 2027 1650 2064 lia-

129 2097 245 2133 bitum
284 2095 422 2133 eximie
459 2107 543 2132 cum
582 2097 815 2134 Lomentaria
854 2095 1044 2144 convenit,
1081 2099 1118 2132 et
1157 2106 1242 2145 una⁷
1272 2107 1290 2132 a
1322 2097 1550 2141 Montagneo
1581 2094 1650 2131 sul)

128 2163 283 2202 nomine
325 2164 568 2201 Lomentariae
599 2164 800 2213 descripta,
831 2163 977 2212 species
1010 2163 1055 2201 ad
1086 2164 1313 2201 Catenellam
1344 2175 1434 2200 sane
1466 2163 1649 2212 pertinet;

128 2235 312 2272 structura
353 2243 442 2269 vero
481 2231 626 2269 frondis
663 2235 699 2269 et
739 2232 879 2269 fructus
920 2232 1113 2279 utriusque
1158 2232 1234 2268 llaec
1279 2242 1420 2279 genera
1461 2230 1648 2268 differunt.

128 2302 219 2336 Cum
258 2300 492 2337 Lomentaria
531 2303 618 2337 aute
656 2300 727 2337 alia
769 2300 894 2337 forsan
936 2299 1111 2346 congruit
1151 2300 1345 2348 Cliampia3
1389 2299 1426 2336 in
1464 2301 1649 2336 structura

129 2378 218 2405 vero
250 2368 373 2404 nuclei
403 2369 731 2417 Cystocarpiorum
769 2367 1020 2405 differentiam
1052 2366 1214 2404 offerunt
1244 2367 1320 2404 haec
1350 2376 1501 2415 genera,
1531 2375 1648 2412 quare

129 2434 167 2471 in
197 2434 447 2482 dispositione
477 2439 605 2472 nostra
636 2435 784 2483 longius
816 2436 943 2473 forsan
973 2445 1086 2482 quam
1118 2434 1170 2471 fas
1201 2434 1270 2470 fuit
1293 2436 1460 2482 separata
1477 2432 1648 2480 fuerunt;

130 2502 286 2538 nucleus
328 2502 648 2549 cystocarpiorum
690 2503 849 2550 gelatina
889 2501 1077 2539 ambiente
1110 2503 1146 2539 in
1179 2502 1354 2551 Cliampia
1384 2499 1581 2548 cohibitus,
1612 2502 1650 2536 et
1687 2540 1690 2545 ¹

129 2568 330 2616 gemmidia
373 2568 733 2618 obovato-angulata
777 2570 995 2608 affinitatem
1028 2570 1136 2617 liujus
1168 2571 1317 2618 generis
1346 2569 1531 2616 majorem
1563 2578 1649 2604 cum

130 2636 362 2684 Chylocladia
392 2640 420 2675 .l.
451 2640 512 2685 Ag.
542 2648 652 2686 quam
684 2649 770 2675 cum
802 2637 1033 2675 Lomentaria
1064 2637 1245 2687 indicare,
1277 2637 1366 2675 milii
1397 2635 1581 2673 videntur.
