1728 3110
180 154 203 195 9
212 155 234 195 5
245 153 268 193 2
794 145 1076 185 RnoDOMELEAE.
1375 141 1687 195 Polyszfflcomffa.

168 282 350 325 jungitur.
410 279 487 311 Hoc
524 276 635 309 modo
674 273 847 317 siphones
885 273 1074 316 conspicui
1111 271 1387 303 numerosiores
1420 280 1568 314 quoque
1605 279 1688 301 eva-

173 341 276 379 dunt,
318 347 448 380 nempe
486 336 601 379 ipsius
640 332 799 366 rachidis
839 335 875 364 ct
912 332 1033 374 pinna*
1067 330 1301 362 decurrentis
1331 329 1444 362 simul
1470 329 1688 361 numeratis.

172 400 211 432 In
245 399 405 431 sectione
437 393 678 428 transversali
711 393 906 425 diversitas
940 391 1015 423 hzec
1050 390 1198 422 demum
1233 399 1380 433 quoque
1407 389 1605 431 conspicua
1629 389 1688 430 fit·7

171 458 232 490 ubi
259 457 379 500 pinnae
407 455 595 493 distantes,
620 451 735 484 caulis
765 449 1067 483 transversaliter
1093 451 1214 480 sectus
1241 457 1477 491 compressus
1503 446 1689 489 adpareat,

171 514 390 558 siphonibus
418 513 564 544 circiter
590 509 610 543 8
637 511 734 542 circa
759 510 941 541 minorem
974 506 1175 540 centralem
1204 507 1433 549 conspicuis3
1466 506 1531 539 ubi
1558 506 1689 538 decur-

170 576 293 606 rentes
319 573 449 615 pinnae,
476 569 592 602 caulis
621 567 922 601 transversaliter
948 569 1069 598 sectus
1095 575 1230 608 anceps
1256 565 1443 608 adpareat,
1470 564 1688 608 siphonibus

171 633 285 676 ipsius
312 629 426 662 caulis
453 631 488 660 et
516 627 582 660 alae
609 626 838 658 decurrentis
865 634 1076 668 percursus.
1120 623 1345 663 Keramidia,
1370 633 1390 655 a
1418 633 1475 655 me
1502 633 1575 655 non
1602 623 1689 657 visa.

171 694 257 724 sunt
298 700 367 723 sec.
404 689 552 728 Harvey
592 688 707 725 ovata,
740 695 760 717 a
791 683 945 727 pinnula
985 682 1249 715 transformata
1287 684 1377 721 orta,
1411 680 1564 724 ejusque
1597 681 1689 713 infc-

171 752 268 784 riore
301 750 404 792 parte
439 746 615 788 stipitata.
672 742 946 786 Sphaerosporae
978 742 1015 774 in
1049 740 1214 784 pinnulis
1248 751 1381 784 paucae,
1408 740 1507 780 2—4,
1543 740 1689 783 singula

171 809 264 841 serie
304 803 566 848 longitudinali
605 803 758 841 seriatae,
796 801 1038 833 circumcirca
1074 800 1150 832 fere
1185 810 1290 843 aeque
1330 799 1571 843 prominulae,
1609 800 1689 842 pin-

172 866 296 899 nulam
336 863 459 896 medio
497 861 800 895 monilisormiter
837 859 1003 891 inflatam
1036 858 1246 890 reddentes.
1302 857 1415 891 Color
1448 858 1604 890 recentis
1631 867 1713 889 ro-⁴

172 931 470 967 seo-purpureus,
502 921 694 953 exsiccatae
726 918 1162 962 purpureo-nigrescens.
1213 915 1357 950 Chartae
1384 926 1459 950 non
1487 915 1689 949 admodum

171 982 341 1016 adhaeret.

263 1053 365 1085 Inter
399 1051 536 1083 formas
568 1048 638 1081 1100
670 1047 754 1080 1000
787 1046 1010 1088 conjunctas,
1043 1045 1128 1078 licet
1158 1044 1336 1088 adspectu
1363 1047 1418 1077 sat
1445 1044 1620 1083 diversas,
1646 1043 1690 1075 li-

172 1111 279 1142 mites
312 1110 453 1142 frustra
485 1107 651 1151 quaesivi.
703 1106 784 1138 Una
815 1108 870 1137 est
900 1105 1021 1137 forma
1052 1104 1224 1144 borealis,
1255 1104 1452 1146 angustior
1478 1105 1514 1135 et
1540 1102 1690 1144 elonga-

171 1169 253 1207 tior‚
278 1168 395 1200 altera
422 1167 543 1199 forma
570 1165 681 1196 maris
707 1163 907 1203 calidioris,
939 1162 1057 1205 major
1083 1164 1119 1194 et
1146 1162 1263 1205 magis
1290 1161 1488 1194 latitudine
1516 1170 1690 1204 expansa.

170 1226 203 1258 A
228 1226 348 1259 forma
379 1225 587 1258 Peruviana
614 1222 926 1255 mediterraneam
954 1221 1185 1263 distinguere
1212 1230 1283 1252 non
1312 1219 1437 1263 valeo3
1464 1230 1547 1251 cum
1575 1219 1690 1251 medi-

172 1287 339 1317 terranea
377 1284 550 1317 convenit
586 1292 636 1322 ea,
681 1292 790 1325 quam
828 1280 992 1313 Gadibus
1020 1282 1142 1312 natam
1178 1279 1274 1323 ν1111·7
1315 1279 1516 1320 specimina
1547 1288 1567 1310 a
1599 1278 1689 1310 mari

170 1344 369 1375 Britanniae
396 1345 480 1375 sunt
507 1339 862 1383 septentrionalibus
889 1339 1036 1372 latiora.
1063 1339 1248 1371 Praeterea
1275 1339 1311 1370 in
1339 1338 1540 1381 specimine
1564 1338 1690 1369 sormae

169 1405 345 1445 angustae,
371 1412 443 1434 una
469 1404 531 1433 aut
558 1400 674 1433 altera
701 1400 814 1443 pinna
840 1399 976 1431 basalis
1006 1398 1116 1431 latior
1142 1397 1449 1441 quandoquidem
1476 1396 1690 1437 evolvatur,

170 1464 208 1493 et
239 1462 277 1494 in
309 1460 574 1503 speciminibus
611 1459 891 1491 mediterraneis
925 1459 998 1491 ima
1033 1468 1117 1501 pars
1143 1457 1323 1490 articulos
1348 1456 1482 1489 habeat
1509 1456 1691 1488 diametro

170 1518 330 1562 aequales
367 1521 402 1550 et
438 1522 579 1561 partem
612 1519 722 1550 imam
751 1528 833 1550 cum
861 1517 980 1550 forma
1005 1516 1150 1549 boreali
1179 1516 1473 1554 convenientem,
1499 1515 1691 1557 superiore

171 1576 400 1609 characteres
431 1577 560 1609 sormae
592 1576 763 1608 australis
796 1578 984 1609 offerente.
1041 1575 1107 1608 His
1143 1574 1302 1618 denique
1335 1573 1473 1606 addere
1507 1575 1691 1616 opportet,

172 1645 235 1667 nec
263 1636 462 1678 specimina
487 1634 669 1668 Gaditana
701 1634 745 1667 ab
771 1634 977 1677 Agardhio,
1011 1644 1077 1666 nec
1111 1633 1320 1667 Melitensia
1346 1643 1366 1665 a
1392 1633 1538 1674 Harvey
1565 1631 1691 1664 obser-

173 1695 264 1732 vata,
289 1702 309 1724 a
336 1693 454 1735 specie
480 1692 622 1725 boreali
651 1692 797 1724 diversa
829 1693 1043 1724 existimata
1068 1692 1199 1735 suisse3
1228 1690 1485 1733 magnitudine
1514 1699 1601 1722 vero
1629 1700 1691 1721 ex-

172 1753 276 1794 cepta
300 1749 376 1782 haec
402 1761 422 1782 a
447 1750 573 1793 planta
600 1751 812 1793 Montagnei
840 1761 912 1783 non
940 1750 1088 1782 diversa
1120 1749 1210 1782 mihi
1241 1749 1433 1793 adparent.
1484 1749 1692 1792 Specimina

174 1812 302 1842 contra
328 1819 348 1842 a
374 1808 499 1842 Callao
526 1810 783 1851 magnitudine
809 1821 892 1842 cum
919 1809 1203 1842 mediterraneis
1230 1809 1467 1841 conveniunt.

276 1880 332 1912 Ex
357 1879 473 1912 altera
500 1882 601 1922 parte
627 1880 755 1911 afferre
783 1881 957 1922 opportet
982 1889 1040 1911 me
1060 1881 1205 1911 tantum
1225 1877 1387 1911 borealis
1409 1877 1534 1909 formae
1548 1876 1691 1909 fructus

176 1937 331 1982 vidisse3
365 1939 411 1970 sit
442 1940 483 1971 ut
513 1939 552 1970 in
576 1938 701 1970 fructu
727 1937 943 1970 differentiae
970 1938 1152 1977 adessent,
1179 1948 1260 1980 quae
1288 1936 1493 1979 specificam
1519 1935 1691 1967 differe’n-

172 1997 260 2028 tiam
284 1996 412 2029 formae
437 1996 610 2029 australis
636 1997 911 2029 confirmarent.

263 2067 364 2099 Inter
401 2067 492 2099 alias
533 2068 672 2110 species
709 2068 747 2099 P.
785 2069 984 2110 pennatam
1023 2068 1193 2110 proxime
1233 2066 1360 2109 tangit,
1398 2076 1479 2109 quse
1516 2063 1579 2097 filo
1618 2063 1692 2106 pri-

173 2125 290 2157 mario
333 2124 577 2157 decumbente
615 2128 651 2157 et
688 2125 891 2165 radicante,
934 2125 1067 2158 fronde
1104 2127 1225 2158 minus
1263 2124 1531 2167 decomposita,
1567 2122 1691 2165 pinnis
1725 2163 1726 2169 ἵ

172 2182 316 2215 ambitu
352 2182 566 2222 linearibus,
604 2183 768 2226 pinnulis
806 2184 1028 2227 plerumque
1066 2183 1302 2227 longioribus
1339 2185 1374 2215 et
1414 2183 1530 2224 magis
1564 2183 1692 2224 paten-

172 2240 272 2273 tibus
304 2240 567 2283 distinguatur.
621 2242 659 2273 P.
688 2241 902 2283 Thuyoides
936 2242 1067 2275 fronde
1095 2242 1275 2275 corticata
1301 2240 1406 2274 nullo
1434 2241 1585 2283 negotio
1611 2239 1691 2281 dig-

173 2299 351 2331 noscitur.

264 2368 493 2411 Synonymia
526 2377 639 2410 supra
669 2367 782 2400 allata
816 2369 939 2401 dubiis
976 2371 1051 2403 fere
1079 2370 1191 2403 nullis
1218 2369 1393 2403 obnoxia.
1443 2368 1496 2401 De
1522 2368 1560 2400 Ρ.
1585 2377 1692 2410 para-

173 2426 277 2459 sitica
308 2426 427 2465 Kutz„
461 2426 519 2458 cui
552 2425 727 2458 articulos
761 2425 1115 2471 12—15-siphoneos
1149 2428 1298 2468 tribuit,
1333 2426 1505 2460 dubitare
1542 2425 1692 2469 quidem

173 2483 313 2522 liceret,
345 2485 415 2516 nisi
444 2494 640 2516 numerum
668 2483 865 2527 siphonum
894 2487 1004 2518 etiam
1034 2488 1069 2519 in
1096 2487 1178 2520 aliis
1205 2486 1397 2529 speciebus
1425 2485 1536 2527 longe
1563 2484 1690 2525 alium,

174 2553 284 2586 quam
323 2544 360 2575 in
398 2546 530 2575 natura
568 2543 760 2583 obveniat,
803 2545 838 2576 in
879 2555 989 2588 opere
1028 2546 1219 2589 Kiitzingii
1263 2546 1467 2578 indicatum
1504 2544 1691 2576 vidissem.

174 2601 298 2634 Aliam
337 2603 506 2645 speciem,
543 2601 587 2634 ad
627 2603 820 2634 Peruviam
852 2603 994 2645 lectam,
1026 2607 1176 2638 nomine
1202 2606 1241 2637 P.
1267 2604 1467 2647 calliptcrae
1495 2602 1691 2645 descripsit

175 2658 346 2702 Kiitzing,
373 2669 482 2702 quam
512 2660 590 2702 ipse
618 2660 716 2692 inter
736 2660 773 2693 P.
796 2660 1060 2694 dcndroideam
1080 2666 1115 2694 et
1129 2664 1167 2695 P.
1184 2662 1416 2705 parasiticam
1434 2659 1692 2692 intermediam

176 2715 377 2759 disposuit3
404 2718 440 2748 in
468 2716 637 2759 diagnosi
664 2717 748 2750 data
768 2718 946 2751 articulos
966 2720 1111 2753 infimos
1135 2720 1354 2763 siphonibus
1378 2718 1514 2751 16-28
1535 2720 1691 2751 instruc-

177 2776 242 2814 tos,
270 2785 462 2816 supremos
483 2774 724 2818 8-siphoneos
750 2776 849 2808 dicit.
878 2777 939 2809 Sin
965 2776 1033 2810 hoc
1059 2789 1128 2812 non
1157 2778 1287 2821 majori
1309 2777 1403 2820 jure,
1430 2789 1538 2822 quam
1566 2778 1603 2810 P.
1631 2787 1691 2820 pa-

176 2832 331 2863 rasiticae
356 2833 522 2865 articulis
548 2834 786 2867 inferioribus
819 2834 993 2877 siphones
1020 2836 1166 2878 12—15‚
1194 2837 1449 2881 superioribus
1475 2836 1495 2869 8
1519 2836 1691 2868 tribuun-

180 2891 248 2924 tur,
274 2889 407 2922 sactum
433 2890 556 2932 fucrit,
582 2902 647 2924 nec
675 2891 766 2925 hane
796 2893 953 2936 speciem
980 2896 1169 2938 propriam
1196 2896 1423 2928 constituere
1450 2893 1680 2936 conjiciatur.
