1728 3110
162 97 178 136 4
195 96 210 135 ,1
225 96 248 137 ss
258 96 281 136 (3
778 92 966 136 Rnonomz
972 107 1062 136 LEAE.
1179 106 1183 110 '
1422 102 1663 158 Polyaonia.

244 223 448 266 Polyzonia
472 223 644 257 Colensoi
670 220 787 257 Hook.
815 226 849 257 et
872 222 991 258 Harv.
1016 234 1122 260 mser.
1147 226 1186 260 in
1211 224 1330 263 Harv.
1355 228 1445 264 Ner.
1471 230 1600 264 Austr.
1622 239 1662 273 p.

152 282 227 315 71!!

150 377 181 414 b.
213 376 397 416 SoNDEiu
426 377 571 416 elatior
600 378 722 416 ramis
753 378 953 430 elongatis
982 380 1166 427 ramosis,
1196 381 1356 420 laciniis
1386 395 1406 420 a
1440 385 1524 423 basi
1541 385 1662 437 longe

258 443 490 489 attenuatis,
520 443 701 482 articulis
731 444 928 485 diametro
959 446 1227 486 brevioribus.

242 522 510 566 Polysiphonia
544 524 692 556 inversa
728 522 839 557 Sond.
875 524 914 557 in
952 523 1058 558 Mohl
1094 527 1129 559 et
1162 524 1258 560 Sem.
1284 525 1366 561 Bot.
1396 526 1486 562 Zez't.
1515 529 1604 564 1845
1631 534 1665 565 et

148 577 230 622 Aly.
256 577 396 613 Preiss.
416 589 458 622 p.
485 581 545 613 33!

239 650 444 692 Polyzonia
469 651 625 684 Sonderi
651 649 770 684 Harv.
796 650 884 684 Ner.
912 651 1042 686 Austr.
1063 661 1104 695 p.
1138 655 1213 688 721!
1251 654 1353 688 Mar.
1380 654 1460 690 Bot.
1487 657 1528 700 of
1556 657 1661 693 West.

147 707 280 741 Austr.
306 708 346 741 in
369 707 471 742 Irish
498 707 631 743 Trans.
666 708 740 742 Vol.
768 709 897 743 XXII
911 719 952 753 p.
979 712 1060 746 539!

238 768 325 800 Exs.
351 765 472 801 Harv.
498 766 580 810 Aly.
608 768 739 802 Austr.
764 778 824 802 wo
850 769 932 803 145!

144 871 173 897 e.
202 858 461 898 HARVEYANA
503 861 708 901 robustior
753 862 1234 914 decommum-ramosa,
1278 866 1438 905 laciniis
1487 869 1662 908 robustis

254 927 370 978 apice
401 929 609 981 abruptius
640 929 680 967 in
711 941 880 968 acumen
912 932 1233 979 excurrentibus,
1260 933 1438 973 articulis
1466 935 1661 976 diametro

254 995 340 1033 fere
372 996 495 1047 duplo
526 996 793 1035 brevioribus,

236 1086 441 1128 Polyzonia
466 1088 686 1130 Harveyana
712 1087 852 1121 Decsne
875 1088 915 1122 in
941 1088 1066 1123 Raoul
1095 1089 1153 1123 ΡΖ.
1179 1089 1272 1124 Nov.
1300 1089 1375 1124 Zel.
1395 1100 1436 1134 10.
1464 1094 1516 1127 32.
1543 1091 1661 1128 Harv.

142 1142 232 1177 Ner.
258 1143 390 1178 Austr.
411 1153 452 1187 p.
479 1146 531 1179 72.

251 1226 351 1267 Hab.
384 1228 425 1266 in
457 1240 610 1267 oceano
642 1228 805 1267 australi
836 1229 887 1268 ad
919 1242 1007 1269 oras
1045 1230 1173 1271 Novae
1216 1232 1438 1279 Zelandiae‚
1469 1233 1660 1274 Tasman-

142 1294 235 1340 niae,
268 1306 394 1345 usque
424 1295 475 1334 ad
505 1296 938 1335 austro-occidentales
968 1310 1058 1336 oras
1088 1298 1216 1338 Novae
1246 1298 1476 1340 Hollandiae
1493 1302 1659 1341 adscen-

142 1360 254 1399 dens.

233 1453 398 1487 Frondes
428 1455 611 1497 primariae
640 1460 809 1497 repentes
837 1458 873 1488 et
899 1456 1066 1490 scutellis
1105 1458 1268 1491 dilatatis
1306 1461 1480 1503 stipitatis
1508 1461 1659 1501 adnatae,

140 1512 367 1545 secundariae
394 1513 662 1546 adscendentes
688 1514 824 1553 libera,
851 1519 1020 1560 utrmque
1050 1516 1134 1559 plus
1169 1519 1288 1550 minus
1325 1529 1479 1552 ramosae
1508 1523 1543 1552 et
1569 1532 1658 1564 prae-

140 1572 240 1603 terea
265 1581 330 1614 per
359 1574 475 1603 totam
501 1571 777 1615 longitudinem
804 1573 946 1606 alterne
971 1576 1142 1618 pinnatae,
1170 1577 1292 1619 pinnis
1318 1578 1355 1610 in
1371 1578 1539 1621 partibus
1554 1579 1657 1612 adul-

140 1629 299 1662 tioribus
326 1631 460 1662 sensim
490 1630 677 1663 obsoletis
728 1632 835 1664 Rami
869 1642 982 1676 supra
1008 1633 1160 1666 axillam
1199 1635 1278 1667 solii
1306 1638 1341 1667 et
1366 1636 1409 1668 ad
1437 1636 1534 1669 idem
1560 1638 1658 1672 latus

138 1686 184 1719 ab
212 1687 369 1720 articulo
398 1689 566 1731 proxime
594 1692 773 1733 sequente
803 1692 1074 1733 provenienteS,
1102 1703 1169 1735 pro
1197 1696 1295 1727 statu
1322 1694 1455 1736 plantae
1472 1695 1562 1728 1--2
1577 1696 1657 1739 pol-

138 1745 284 1784 licares,
311 1745 561 1789 pulcherrime
588 1748 750 1791 plumosi
781 1750 817 1781 in
839 1748 997 1791 juvenili
1028 1754 1064 1782 et
1089 1752 1217 1791 sterili,
1243 1755 1307 1786 aut
1333 1754 1592 1798 subspongiosi
1619 1757 1656 1789 in

137 1803 340 1837 fructifera.
390 1805 494 1838 Folia
522 1804 631 1848 ¹l2—-1
657 1807 795 1840 lineam
828 1807 948 1851 longa,
980 1809 1026 1841 ad
1063 1810 1277 1852 geniculum
1316 1812 1491 1857 quodque
1527 1824 1655 1848 secun-

138 1861 225 1894 dum
254 1862 397 1895 alterne
426 1866 693 1906 provenientia,
719 1867 976 1909 patentissima
1002 1871 1037 1900 et
1067 1869 1181 1901 immo
1217 1870 1493 1911 subremrvata,
1519 1875 1656 1906 acumi-

137 1923 232 1958 nata,
259 1921 434 1954 deorsum
464 1924 714 1965 integerrima,
742 1935 889 1958 sursum
917 1926 1061 1959 laciniis
1088 1928 1320 1971 simplicibus
1346 1929 1436 1962 4—6
1464 1933 1655 1974 pectinata,

136 1978 259 2011 medio
286 1980 392 2022 quasi
419 1991 511 2012 vena
538 1983 752 2024 angustiore
784 1994 969 2026 percursa,
1000 1988 1103 2027 parte
1136 1987 1309 2020 inferiore
1336 1989 1431 2021 infra
1455 1988 1548 2021 hanc
1574 1991 1654 2022 uni-

137 2046 215 2069 cam
242 2038 337 2069 serie
370 2037 588 2071 cellularum
630 2044 871 2081 monstrante,
909 2044 1100 2085 superiore
1139 2044 1183 2077 ad
1223 2046 1435 2088 geniculum
1480 2048 1654 2091 quodque

137 2095 342 2128 secundum
381 2097 419 2128 in
458 2097 610 2130 lacinias
648 2098 819 2132 abeunte.
869 2100 1025 2133 Laciniae
1051 2112 1071 2134 a.
1096 2102 1175 2135 basi
1201 2103 1246 2136 ad
1272 2105 1412 2146 apicem
1441 2105 1652 2149 polysipho-

135 2154 214 2193 niae,
241 2164 418 2187 mucrone
446 2156 635 2188 terminali
663 2157 960 2200 monosiphonio,
989 2159 1180 2201 subillatae,
1197 2172 1263 2205 pro
1286 2163 1529 2196 varietatibus
1557 2166 1651 2196 cete-

135 2222 219 2243 rum
245 2214 307 2244 aut
332 2215 568 2256 angustiores
593 2216 658 2247 aut
682 2215 924 2256 robustiores
952 2217 1024 2250 111ae
1040 2229 1060 2251 a
1085 2219 1164 2252 basi
1190 2220 1340 2264 longius
1366 2224 1575 2262 attenuatae,
1596 2222 1650 2256 hae

134 2269 331 2313 abruptius
358 2271 395 2303 in
421 2282 575 2304 acumen
604 2276 857 2306 excurrentes,
906 2274 945 2307 In
974 2276 1100 2319 planta
1132 2278 1323 2312 fructifera
1355 2290 1466 2322 supra
1499 2281 1651 2315 axillam

133 2327 215 2360 folii
243 2331 278 2360 et
305 2328 347 2361 ad
376 2329 588 2372 geniculum
618 2332 788 2373 proxime
817 2342 972 2375 sequens
1012 2336 1132 2368 oritur
1170 2337 1337 2370 ramulus
1374 2349 1503 2377 novus,
1531 2341 1651 2373 minor

133 2388 171 2418 at
196 2386 406 2426 conformis,
430 2389 483 2420 ita
508 2392 550 2421 ut
576 2388 645 2421 hoc
672 2392 767 2422 statu
794 2391 913 2433 pinnae
940 2391 985 2424 ad
1013 2394 1190 2438 quodque
1216 2396 1315 2428 latus
1341 2398 1495 2439 geminae
1523 2408 1649 2441 super-

132 2445 263 2487 positae
292 2455 375 2477 cum
399 2446 556 2488 geminis
583 2446 736 2480 alterius
762 2448 889 2480 lateris
923 2450 996 2482 sint
1027 2451 1190 2485 alternae.
1240 2454 1356 2487 Pinna
1382 2457 1558 2498 superior,
1585 2466 1647 2489 seu

132 2511 268 2541 ramus,
297 2504 434 2535 sensim
462 2507 746 2545 transmutatur,
767 2506 818 2538 ita
844 2510 885 2538 ut
912 2507 1054 2541 fructus
1081 2511 1117 2542 in
1143 2511 1257 2544 axilla
1284 2514 1404 2556 pinu-<e
1432 2514 1568 2547 sterilis
1593 2516 1647 2547 in-

132 2560 280 2592 ferioris
306 2571 371 2593 seu
397 2561 477 2594 solii
502 2563 616 2605 positi
643 2563 855 2596 obveniant.
905 2565 1083 2600 Stichidia
1115 2579 1182 2611 pro
1219 2572 1475 2613 magnitudine
1514 2572 1646 2605 ramuli

131 2620 266 2651 mutati
292 2622 356 2651 aut
394 2620 687 2663 simpliciuscula
725 2622 994 2662 sublancoidea,
1030 2627 1133 2668 apice
1174 2628 1337 2670 pinnulis
1374 2629 1645 2663 abortientibus

131 2677 292 2717 cristata,
317 2680 381 2710 aut
407 2679 486 2721 ipsa
512 2679 671 2719 rachide,
698 2691 778 2724 quae
805 2681 975 2714 stichidia
1000 2683 1080 2723 sert,
1105 2685 1217 2718 fertili
1243 2688 1348 2730 quasi
1364 2689 1576 2731 composita,
1591 2689 1643 2721 in-

131 2734 265 2767 feriore
293 2738 396 2778 parte
420 2746 547 2778 parum
574 2739 822 2771 transmutata
848 2738 1120 2784 spliaerosporas
1158 2745 1310 2777 seriatas
1350 2748 1558 2788 generante,
1584 2756 1643 2778 su-

130 2794 276 2834 periore
302 2795 454 2836 pinnata
481 2805 615 2828 novam
642 2798 774 2829 seriem
802 2797 1057 2832 stichidiorum
1072 2801 1223 2834 ferente.
1252 2803 1514 2836 Keramidiain
1529 2805 1642 2837 axilla

130 2850 209 2883 solii
246 2852 432 2885 fulcientis
471 2853 646 2895 solitaria,
685 2859 801 2897 ovata,
839 2856 1029 2891 dimidiam
1069 2860 1148 2893 folii
1185 2861 1457 2904 longitudinem
1496 2864 1642 2895 circiter
