1728 3110
159 120 177 160 1
193 119 207 159 1
222 119 245 159 8
255 118 279 159 Ο
781 116 1062 159 RHODOMELEAE.
1508 124 1670 180 Dasya,

243 247 512 292 Polysiphonia
536 249 679 282 Davisii
714 245 832 281 Hook.
858 249 894 281 et
915 246 1035 281 Harv.
1059 246 1099 280 in
1125 245 1243 281 Lond.
1282 245 1412 282 Journ.
1437 247 1506 282 IV.
1527 258 1567 292 10.
1593 250 1670 285 267.

259 318 361 357 Hab.
394 317 435 356 in
480 317 644 357 Oceano
691 317 857 356 australi
902 317 951 356 ad
982 318 1134 356 insulas
1164 318 1393 365 Auckland,
1434 318 1670 367 Malouinas‚

149 386 383 437 Kerguelen
416 389 456 424 et
487 385 572 438 Cap
603 385 715 425 Horn
748 385 991 434 (Hooker!)!
1033 386 1074 424 in
1111 385 1283 438 pacifico
1315 385 1367 425 ad
1397 385 1539 425 Chiloe
1569 386 1670 434 (Jar-

152 452 220 491 din
251 452 293 490 in
323 452 401 492 Hb.
434 453 681 501 Lenorm.!).

244 533 363 566 Frons
390 534 557 576 punicea.
583 534 693 566 tenue
720 532 1010 573 membranacea,
1038 531 1129 564 2--4
1154 532 1353 576 polliceris,
1375 533 1411 565 in
1427 530 1556 576 pinnas
1583 543 1672 566 non-

151 590 275 623 nullas
302 590 470 632 majores,
497 590 692 633 pollicares
720 590 934 633 majoresve,
961 594 997 623 et
1022 591 1214 624 breviores
1236 601 1394 634 superne
1414 591 1671 633 interjacentes

151 650 291 689 abiens,
318 652 493 682 caeterum
520 649 620 683 nuda
646 652 682 682 et
707 661 727 683 a
753 650 833 683 basi
861 649 1069 683 articulata.
1119 651 1245 683 Pinnae
1278 650 1434 692 maiores
1462 651 1604 684 ambitu
1630 652 1672 684 li-

152 718 292 748 neares,
331 708 540 741 minoribus
579 708 804 751 regulariter
831 708 1116 748 alternantibus,
1143 719 1163 741 a
1188 710 1356 751 margine
1390 709 1435 741 ad
1462 709 1672 752 geniculum

153 767 332 811 quodque
362 770 538 811 quartum
567 768 803 807 exeuntibus,
829 767 998 800 distichis
1025 768 1080 809 (‘?)
1108 769 1287 812 pinnatae,
1311 768 1473 801 minores
1499 769 1672 802 ramifica-

152 828 255 860 tione
281 827 443 870 primum
471 825 769 866 subdichotoma,
797 836 885 859 mox
911 826 1121 859 evidentius
1148 828 1309 870 pinnata,
1336 827 1463 859 divisae
1488 829 1523 859 et
1548 827 1585 860 in
1599 838 1673 860 ma-

148 885 260 927 jores,
286 885 428 917 ambitu
455 884 624 924 lineares⁷
652 886 786 917 sensim
822 884 1014 917 abeuntes.
1065 885 1243 918 Pinnellae
1281 885 1428 928 angulis
1466 886 1672 919 rotundatis

153 944 321 977 discretae
350 946 385 976 et
411 944 548 976 eximie
575 945 755 986 patentes,
781 944 919 976 sensim
946 944 1023 975 sere
1053 943 1269 976 flabellatim
1308 944 1554 987 divergentes‚
1584 945 1674 977 inse-

153 1004 273 1036 riores
299 1004 505 1034 recurvatae
532 1005 567 1033 et
592 1002 784 1045 superiore
810 1001 926 1034 latere
954 1012 1088 1035 novam
1116 1004 1249 1035 seriem
1266 1003 1526 1046 pinnellarum‚
1542 1003 1600 1036 vel
1613 1014 1673 1036 an—

153 1060 323 1098 theridia,
350 1059 439 1102 (vel,
466 1064 508 1094 ut
535 1061 714 1104 suspicor,
741 1059 915 1093 stichidia
940 1061 976 1093 111
1004 1060 1162 1093 diversis
1188 1061 1412 1105 individuis)
1447 1061 1674 1094 secundatim

154 1119 287 1152 seriata
315 1121 498 1162 gerentes.
526 1118 703 1152 Pinnellae
731 1118 914 1151 subulatae
941 1120 1170 1158 acuminatae,
1196 1119 1364 1152 articulis
1391 1121 1574 1162 supremis
1589 1119 1674 1152 2--3

154 1178 320 1220 exceptis
355 1177 580 1220 ubicumque
612 1176 896 1220 polysiphoniae.
946 1177 1111 1210 Articuli
1145 1178 1261 1210 caulis
1288 1178 1401 1211 medii
1428 1180 1514 1211 sunt
1540 1178 1674 1211 diame-

154 1239 212 1269 tro
240 1236 357 1278 duplo
383 1236 584 1278 longioreS,
622 1237 819 1280 pinnarum
858 1236 933 1268 fere
973 1236 1088 1279 duplo
1120 1236 1323 1277 breviores,
1349 1248 1369 1269 a
1395 1237 1587 1279 superficie
1613 1237 1674 1270 ob-

154 1295 289 1327 servati
318 1294 539 1337 siphonibus
571 1295 676 1327 2:bus
712 1295 798 1327 latis
837 1295 1108 1338 marginalibus
1136 1299 1172 1327 et
1198 1295 1370 1339 pluribus
1397 1296 1675 1339 angustioribus

153 1354 285 1386 faciem
324 1353 579 1396 spectantibus
622 1354 819 1386 constituti
856 1356 1054 1397 apparent3
1095 1355 1257 1387 sectione
1296 1354 1538 1387 transversali
1574 1355 1675 1394 facta,

154 1411 271 1444 caulis
298 1421 432 1454 anceps
460 1412 721 1455 conspiciatur,
749 1411 970 1455 siphonibus
996 1412 1027 1448 8,
1054 1412 1202 1445 duobus
1241 1423 1373 1456 nempe
1412 1412 1674 1455 marginalibus

154 1470 368 1512 majoribus,
395 1473 431 1503 et
458 1472 636 1514 utrinque
663 1471 683 1503 3
709 1470 992 1514 angustioribus
1018 1471 1148 1503 faciem
1177 1471 1445 1515 occupantibus
1469 1474 1675 1504 contextus.

247 1529 413 1572 Speciem
440 1529 484 1562 ad
513 1530 716 1572 specimina
741 1540 759 1561 a
787 1529 917 1562 Jardin
956 1529 1052 1562 lecta
1091 1529 1283 1573 descripsi.
1333 1531 1408 1563 Sec.
1439 1529 1586 1571 Harvey
1624 1531 1677 1562 est

153 1588 256 1621 frons
282 1587 373 1621 4-8
399 1588 588 1632 polliearis
625 1588 732 1620 valde
771 1588 1031 1631 irregulariter
1069 1598 1224 1628 ramosa,
1263 1589 1365 1621 caule
1392 1599 1489 1621 nunc
1515 1588 1674 1621 indiviso

153 1649 404 1690 percurrente,
431 1648 544 1679 ramis
570 1646 791 1679 lateralibus
818 1647 983 1690 pinnato,
1016 1656 1165 1679 sursum
1198 1649 1402 1687 attenuato,
1429 1657 1526 1679 nune
1553 1646 1676 1679 subdi-

155 1703 339 1744 chotomo,
365 1706 479 1737 ramis
506 1714 600 1749 saepe
640 1705 829 1745 flexuosis,
869 1705 1001 1737 obsitis
1038 1705 1193 1738 ramulis
1232 1705 1411 1738 brevibus
1437 1705 1592 1738 alternis
1617 1705 1678 1737 aut

155 1762 345 1806 spiraliter
370 1763 564 1807 dispositis
593 1763 815 1797 dichotomis
842 1764 931 1796 1-2
958 1764 1073 1797 lineas
1103 1765 1239 1808 longis.
1288 1765 1329 1797 In
1357 1764 1581 1808 quibusdam
1607 1764 1679 1797 for-

154 1821 223 1854 mis
250 1822 386 1854 ramuli
412 1822 585 1863 laxiores,
612 1824 649 1855 111
676 1822 758 1855 aliis
786 1822 986 1862 densiores,
1013 1824 1049 1854 et
1074 1823 1111 1855 in
1138 1823 1296 1855 diversis
1323 1822 1408 1866 plus
1424 1823 1546 1855 minus
1562 1822 1677 1854 divisi.

247 1880 337 1913 Mihi
364 1879 464 1914 haud
492 1884 633 1914 certum
662 1881 811 1914 videtur
838 1881 966 1924 plnres
1002 1880 1142 1924 species
1169 1881 1238 1914 hoc
1263 1881 1346 1914 loco
1373 1891 1447 1914 non
1473 1881 1568 1913 male
1595 1889 1677 1912 con-

149 1938 297 1981 junctas
323 1941 448 1972 fuisse.
498 1941 691 1984 Specimen
719 1952 739 1973 a
764 1941 939 1974 Hookero
968 1941 1014 1973 ad
1041 1940 1114 1984 Cap
1142 1941 1244 1974 Horn
1270 1941 1407 1974 lectum
1436 1952 1456 1973 a
1482 1941 1676 1984 specimine

153 1997 372 2031 Jardiniano
398 1999 434 2030 in
462 1999 656 2031 nonnullis
683 1999 873 2032 diversum
901 1999 1008 2032 video
1047 1999 1277 2039 (antheridia
1314 2010 1446 2043 nempe
1480 1999 1676 2032 secundata

155 2054 267 2097 hujus
292 2057 331 2088 in
357 2056 423 2089 illo
450 2057 731 2099 desiderantum
758 2057 921 2100 pinnulae
949 2057 1060 2099 hujus
1092 2059 1216 2090 minus
1241 2058 1458 2090 ilabellatim
1486 2058 1676 2101 divergen-

156 2114 242 2155 tes),
278 2114 378 2158 quod
408 2118 529 2147 tamen
556 2116 681 2159 potius
709 2116 899 2148 diversum
926 2119 1065 2148 statum
1092 2126 1203 2160 quam
1230 2115 1413 2148 diversam
1442 2117 1598 2160 speciem
1623 2116 1676 2148 in-

156 2173 280 2206 dicare
307 2173 459 2206 credidi.

248 2233 295 2265 Et
321 2232 468 2275 Harvey
496 2236 532 2266 et
558 2233 721 2275 Kiitzing
748 2242 865 2276 genus
891 2232 1212 2276 Heterosiphoniae
1239 2234 1284 2266 ad
1300 2233 1605 2276 Polysiphoniam
1621 2241 1674 2264 re-

155 2290 291 2331 ferunt,
318 2300 463 2323 summa
489 2294 530 2324 ut
557 2290 647 2323 mihi
674 2291 821 2323 videtur
846 2290 994 2332 injuria.
1021 2291 1151 2335 Neque
1177 2293 1276 2324 enim
1302 2291 1474 2324 stiehidia
1499 2293 1585 2324 sunt
1609 2291 1675 2323 Po—

156 2348 389 2392 lysiphoniae,
427 2360 548 2393 neque
586 2350 764 2382 affinitate
802 2360 885 2382 cum
924 2349 1002 2381 ulla
1040 2351 1160 2393 specie
1199 2361 1284 2383 vera
1323 2349 1597 2394 Polysiphoniae
1623 2350 1676 2381 est

157 2408 327 2451 proxime
355 2407 551 2450 conjuncta
576 2406 900 2450 Heterosiphonia.
928 2406 1021 2440 Cum
1047 2409 1172 2450 Dasya
1197 2408 1440 2448 subsemnda,
1467 2410 1674 2447 contrama-

156 2465 381 2499 mificatione
409 2467 583 2499 convenit
608 2465 929 2509 Heterosiphonia,
964 2468 998 2497 et
1028 2465 1210 2506 stichidia,
1242 2468 1421 2510 quantum
1455 2465 1546 2498 mihi
1571 2466 1674 2497 inno-

158 2526 321 2564 tuerunt,
348 2525 481 2567 Dasyae
508 2524 695 2557 videntur.

250 2581 556 2625 Polysiphoniam
595 2583 787 2626 puniceam
825 2582 862 2614 in
901 2581 1052 2625 Sylloge
1090 2593 1156 2615 sua
1194 2583 1300 2615 siccis
1340 2583 1491 2615 omnino
1519 2581 1673 2625 pedibus

158 2641 292 2672 transit
325 2640 399 2674 Cel⁴
438 2642 658 2684 Montagne3
685 2651 751 2673 nec
778 2641 875 2672 enim
902 2643 943 2672 ut-
969 2641 1129 2683 speciem
1155 2642 1253 2673 inter
1278 2640 1562 2684 Polysiphonias
1587 2648 1673 2671 enu-

157 2701 347 2739 meratam,
374 2710 440 2732 nec
466 2701 564 2732 inter
591 2709 798 2742 synonyma
823 2698 1143 2742 Heterosiphoniae
1182 2704 1435 2739 memoratam,
1461 2699 1578 2731 video.
1614 2697 1672 2730 In-

159 2760 301 2790 certum
326 2759 379 2790 ita
405 2760 529 2790 manet
555 2769 602 2791 an
628 2760 707 2802 ipse
734 2761 933 2800 utramque
960 2759 1119 2800 speciem
1149 2758 1236 2790 velit
1262 2758 1564 2800 conjuncta1n‚ut
1582 2755 1672 2789 Har-

157 2826 252 2859 veyo
278 2815 429 2860 placuit.
