1728 3110
93 127 145 168 12
160 127 213 168 18
707 123 989 165 RHODOMELEAE.
1432 127 1595 181 Dasya.

176 256 322 299 Species
352 256 475 300 quoad
505 255 727 288 densitatem
750 254 1025 286 ramificationis
1051 251 1083 286 ἅτ
1111 253 1157 287 ob
1172 255 1309 286 statum
1331 254 1516 286 diversum
1533 253 1595 286 ad-

86 317 213 358 spectu
240 316 351 347 varia.
378 315 419 348 In
448 313 714 358 speciminibus
736 312 967 355 juvenilibus
996 311 1160 345 ramulos
1187 322 1314 345 omnes
1341 322 1418 344 esse
1444 312 1596 355 penicil-

85 373 182 405 latos
209 373 335 405 forsan
363 372 513 405 credere
539 372 634 411 licet,
656 370 759 403 velut
784 372 818 403 in
847 371 1004 404 vetustis
1034 370 1249 414 penicillum
1276 370 1507 403 terminalem
1524 370 1597 404 sor-

86 443 148 465 san
177 432 332 465 deficere
361 434 423 464 aut
448 432 484 464 in
512 431 687 463 ramellos
713 431 911 473 rigidiores
949 440 1027 462 esse
1066 432 1260 462 mutatum.
1311 431 1518 473 Speeimina
1543 432 1596 463 ta-

86 502 169 523 men
196 490 359 534 plurima
386 489 616 522 characteres
643 490 782 532 911661θὶ
812 489 973 521 tributos
1000 487 1057 520 hic
1083 487 1160 520 illic.
1188 488 1344 531 prodere
1371 491 1551 531 putarem.

85 593 150 633 37.
208 594 256 632 D.
287 606 513 633 COLLABENS
545 593 680 642 (Hools.
709 593 745 631 c&
774 593 895 631 Ham).
933 592 1021 640 Alf).
1045 591 1151 635 ,Noa
1191 592 1267 629 Zel.
1304 604 1364 630 ηπ)
1395 591 1463 636 52)
1495 596 1597 631 tere-

195 662 366 700 tiuscula
407 673 508 713 vage
554 660 750 712 pinnatim
795 672 966 703 ramosa,
1005 659 1144 709 junior
1182 663 1220 697 et
1252 671 1423 711 superne
1454 659 1599 698 articu-

195 730 289 776 lata,
320 730 435 768 caule
458 729 662 779 ramisque
686 727 906 778 majoribus
930 727 1087 765 inferne
1113 726 1230 766 nudis
1254 726 1370 778 apice
1387 727 1599 777 subsquar-

197 797 539 844 roso-ramulosis,
585 797 750 835 ramulis
794 796 843 834 ad
875 795 1105 847 geniculum
1138 795 1327 845 quodque
1358 795 1600 845 demumque

195 881 218 905 a
247 871 370 906 strato
402 865 585 906 cortieali
617 876 942 916 quoquoversum
982 863 1225 902 exeuntibus
1256 876 1279 901 a
1308 863 1394 901 basi
1426 863 1601 902 monosi-

194 934 356 987 phoniis
388 934 650 986 subpateuter
680 932 937 978 diehotomis‚
967 931 1231 970 inferioribus
1263 930 1507 969 firmioribus
1537 944 1600 969 su-

195 1001 505 1054 perioribusque
535 999 710 1038 curvatis
741 999 982 1037 acuminatis
1021 999 1182 1037 demum
1211 997 1501 1045 stiehidiiferis,
1532 998 1600 1037 sti-

195 1068 340 1107 chidiis
372 1067 657 1106 subsessilibus
690 1066 843 1105 conieis
861 1095 870 1104 .
894 1096 900 1103 .
921 1094 930 1104 .
949 1095 957 1104 .

177 1148 301 1189 Dasya
328 1146 516 1179 collabens
549 1143 665 1177 Hoozr.
690 1142 746 1186 fil.
779 1144 811 1177 ct}
845 1143 964 1177 Ham:
997 1143 1019 1177 1.
1053 1153 1080 1177 c.
1106 1144 1145 1177 in
1170 1142 1286 1177 Lond.
1314 1141 1443 1178 Jourv.
1470 1142 1539 1177 IV.
1560 1153 1600 1187 p.

86 1206 169 1238 535!
220 1204 336 1237 Hem-v.
362 1202 451 1237 Ner.
479 1203 609 1236 Austr.
631 1211 671 1245 p.
699 1203 740 1235 131
768 1201 840 1236 tab.
870 1201 990 1236 XXI!
1037 1202 1138 1236 Μαν.
1164 1201 1247 1236 Bot.
1273 1201 1315 1245 of
1342 1201 1448 1236 West.
1471 1202 1601 1238 Austr.

86 1273 144 1298 wo
171 1265 253 1297 109!

179 1324 440 1367 Eupogonium
471 1322 663 1355 collabeus
689 1319 801 1354 Kilizu
828 1320 892 1363 Sp.
914 1330 954 1363 p.
984 1321 1066 1355 798!

195 1393 297 1432 Hab.
330 1393 378 1432 ad
418 1406 508 1432 oras
539 1405 656 1431 novae
700 1391 909 1430 Zelandiae
957 1392 1121 1438 (Rama,
1151 1392 1305 1444 Lyalll)
1338 1395 1378 1431 et
1406 1392 1456 1431 ad
1494 1393 1603 1445 King

88 1461 269 1512 Georges
302 1460 439 1498 Sound
471 1460 599 1498 Novae
630 1458 859 1497 Hollandiae
892 1458 1116 1510 (Harveyl‘)

177 1541 295 1573 Frons
323 1539 451 1572 saltem
477 1538 567 1571 4-5
596 1539 782 1582 pollicaris
819 1540 995 1582 pinnatiin
1032 1539 1463 1583 (lccomposito-ramosa,
1491 1541 1601 1573 ramis

87 1598 230 1631 ambitu
256 1597 501 1640 pyramidatis
536 1607 839 1641 ‹pioquoversum
880 1597 1039 1634 directis,
1078 1597 1278 1639 majoribus
1311 1598 1489 1642 cauleque
1514 1609 1602 1642 pen-

88 1668 171 1690 nam
212 1658 436 1700 passerinam
475 1657 550 1688 fere
591 1666 713 1688 crasso
753 1657 895 1688 inferne
923 1660 958 1687 et
984 1656 1132 1699 longius
1171 1666 1319 1688 sursum
1352 1657 1468 1694 nudis,
1501 1658 1602 1700 apice

88 1719 272 1761 ramisque
299 1716 507 1750 minoribus
534 1716 744 1748 ramulosis.
811 1717 899 1748 lami
932 1715 1099 1757 juniores
1133 1718 1219 1748 sunt
1244 1716 1441 1756 articulati,
1467 1718 1602 1749 articu-

88 1776 134 1808 lis
161 1776 342 1809 diametro
370 1774 698 1817 sublongiffl'ibus3
725 1774 929 1806 adultiores
956 1785 1043 1806 mox
1071 1775 1258 1816 001·ticati3
1282 1774 1416 1807 ramuli
1430 1774 1602 1817 injunio-

90 1834 193 1866 ribus
219 1834 263 1866 ad
291 1833 504 1876 geniculum
531 1833 712 1876 quodque»
735 1833 967 1876 proveniunt,
994 1833 1029 1864 111
1050 1832 1301 1865 adultioribus
1327 1836 1478 1866 astrato
1494 1835 1602 1867 eorti-

90 1892 158 1925 cali
197 1893 376 1934 originem
416 1892 550 1924 ducere
588 1894 777 1934 apparent.
826 1891 972 1923 Ramuli
1002 1895 1088 1923 sunt
1113 1901 1133 1923 a
1158 1892 1237 1924 basi
1263 1892 1541 1936 monosiphonii
1567 1896 1603 1925 et

90 1960 393 1994 quoquoversum
428 1950 485 1989 (ni
512 1949 640 1991 fallor]
679 1949 819 1988 directi,
845 1949 986 1981 inferne
1015 1949 1155 1992 pluries
1193 1949 1406 1991 dichotomi,
1438 1951 1601 1984 ramellis

90 2008 321 2051 simplicibus
348 2009 509 2040 curvatis
536 2008 775 2050 acuminatis3
814 2011 990 2047 recentes,
1027 2011 1068 2040 ut
1101 2008 1280 2050 conjicere
1306 2008 1423 2049 liceat,
1448 2009 1602 2052 rigidiu-

92 2067 182 2100 sculi
209 2070 384 2110 patentes,
421 2067 594 2098 exsiccati
622 2065 771 2105 {saltem
797 2067 833 2098 in
861 2069 1007 2104 nostra)
1035 2066 1261 2100 collabentes
1288 2070 1323 2099 et
1349 2069 1450 2112 apice
1475 2069 1601 2111 praeci-

91 2185 169 2219 362».
195 2185 235 2217 D.
263 2193 419 2216 rnoxnxnx
445 2180 580 2225 (Harv.
606 2181 708 2215 Mar.
735 2180 817 2215 Bot.
852 2181 959 2216 IVest.
986 2182 1117 2217 Anstr.
1143 2191 1201 2217 nso
1222 2184 1303 2223 108)
1319 2184 1466 2218 ”fronde
1482 2195 1603 2217 crassa

183 2243 360 2276 corticata
396 2251 487 2284 vage
524 2251 688 2284 ramosa-7
728 2242 840 2273 ramis
880 2241 1064 2285 elongatis
1102 2244 1253 2286 virgatis
1287 2243 1518 2287 simplicibus
1544 2243 1601 2276 vel

182 2312 306 2336 ramos
332 2300 421 2332 2—3
455 2299 666 2333 consimiles
704 2299 909 2332 lateraliter
945 2301 1162 2340 fei-ent.ibus‚
1200 2303 1312 2334 ramis
1349 2302 1519 2335 omnibus
1546 2312 1603 2334 ra·

183 2362 303 2395 mulos
328 2360 459 2393 breves
486 2368 791 2403 quoquoversum
817 2359 1089 2402 emittentibus3
1123 2360 1276 2393 ramulis
1304 2362 1490 2393 corticatis
1516 2361 1602 2393 sim-

184 2420 342 2464 plicibus
370 2418 428 2451 vel
454 2419 585 2450 iterum
613 2418 778 2457 ramosis,
799 2415 1012 2458 junioribus
1046 2419 1209 2451 ramellis
1236 2420 1397 2462 vestitis3
1438 2418 1600 2452 ramellis

184 2477 487 2512 subvertit-illatis
513 2475 736 2509 dichotomis
763 2486 781 2507 e
807 2476 885 2508 basi
908 2476 982 2508 lata
1009 2478 1202 2520 conspicue
1240 2470 1450 2517 attenuatis,
1476 2476 1600 2510 axillis

183 2537 406 2581 patentibus,
438 2535 605 2578 apicibus
638 2534 873 2567 filiformibus
900 2534 1053 2573 obtusis,
1090 2535 1259 2568 articulis
1292 2535 1472 2569 diametro
1497 2535 1599 2579 3-plo

183 2595 286 2639 4-plo
312 2593 568 2636 longioribus,
595 2592 803 2625 ceramidiis
830 2592 994 2625 ramulos
1021 2594 1216 2636 primarios
1238 2594 1524 2627 terminantibus
1538 2605 1598 2627 ur-

184 2653 335 2686 ceolatis
361 2661 425 2684 ore
451 2651 555 2684 brevi
574 2650 820 2694 prominulo.”

184 2712 275 2745 Hab.
301 2712 338 2743 in
365 2720 502 2743 oceano
528 2709 681 2742 australi
707 2709 749 2741 ad
777 2708 876 2752 King
901 2708 1064 2751 Georges
1091 2709 1216 2742 Sound
1243 2707 1440 2752 (Harvey).

185 2771 228 2803 D.
255 2769 435 2812 elongatae
461 2767 568 2800 valde
595 2768 813 2811 propinqua,
839 2766 1002 2799 ramellis
1029 2777 1117 2800 vero
1144 2766 1344 2800 admodum
1370 2766 1535 2807 diversis,
1561 2767 1597 2799 in

95 2840 190 2872 aqua
215 2830 315 2862 dulci
342 2830 414 2861 cito
441 2827 644 2861 dissolutis.
693 2828 736 2861 D.
763 2827 993 2861 naccarioide
1019 2827 1138 2860 inulto
1170 2826 1295 2869 major,
1332 2826 1495 2860 ramellis
1522 2836 1597 2859 ma-

91 2886 236 2929 joribus
262 2887 502 2930 articulisque
528 2885 775 2928 longioribus.
823 2885 878 2918 Ita
904 2885 1012 2917 Harv.
1038 2884 1062 2916 1.
1090 2895 1118 2916 c.
