1728 3110
57 1505 71 1518 δ

131 107 154 145 7
163 105 189 145 8
197 105 223 143 2
765 99 996 142 Caonnmnffi,
1462 102 1644 146 Delisea.

238 231 577 280 ‹tiliato-pectinata
624 232 863 268 leretiuscula
909 232 1155 280 inconspicue
1193 236 1353 280 costata,
1391 235 1485 271 ciliis
1523 236 1642 272 subu-

238 301 335 349 latis3
382 299 596 336 keramiiliis
642 300 678 335 in
726 300 874 336 racliide
920 301 1120 348 pinnarum
1165 300 1259 337 inl'ra
1298 301 1422 348 apices
1452 303 1643 340 sessilibus

237 368 453 406 lateralibus
485 369 556 404 late
589 368 718 417 ovans,
749 369 1005 415 carpostomio
1037 367 1191 404 laterali.

219 458 508 490 Bonnemaisonia
535 456 676 496 elegans
702 455 759 498 Aq.
786 455 806 487 l.
835 465 863 489 c.
890 455 1036 497 etSysl.
1061 456 1190 499 Aly.'p.
1217 455 1295 488 246.

220 516 414 549 Calocladia
442 515 582 556 elegans
608 514 638 547 J.
667 514 724 558 Ay.
749 513 862 555 Symb.
885 524 918 557 p.
946 516 1000 547 24.

219 574 354 606 Delisea
384 574 524 614 elegans
550 572 681 612 Monc.,·
706 571 813 605 Hoolc.
840 573 873 605 et
898 571 1003 605 Harv.
1030 571 1139 606 Lond.
1164 571 1264 605 Jour.
1291 572 1358 606 III.
1379 584 1414 617 p.
1429 574 1504 607 442.
1534 574 1639 610 llarv.

128 634 196 678 Δίῃ.
229 633 339 666 Tasm.
365 642 398 665 η.
427 634 480 665 37.
506 630 589 664 Ner.
616 632 729 664 auslr.
752 641 785 674 p.
813 632 855 664 89
881 630 948 663 [ab.
975 630 1146 664 XXXIVl!
1169 630 1269 664 Μαι.
1296 641 1347 674 sp.
1369 641 1404 674 p.
1432 633 1511 666 770!

220 691 359 724 Delisea
394 691 566 723 fimbriata
610 689 708 732 Turp.
749 689 812 723 All.
852 689 942 723 Dici.
982 688 1103 723 d’Hz'st.
1139 688 1219 722 Nat.
1246 690 1347 723 icon!
1370 692 1456 732 (non
1484 691 1640 725 Lamour.

128 752 256 791 antea.)

235 832 323 869 llab.
363 831 405 867 ad
446 844 530 869 oras
573 831 825 868 occidentales
865 833 972 869 Novae
1013 831 1216 868 [loll-„indiae
1255 834 1368 876 (Mus.
1407 834 1564 882 l‘ai·isl);
1596 835 1638 870 ad

124 901 357 939 Tusnianiain
389 900 573 946 (Gunnl).

217 988 323 1019 Frons
351 996 460 1029 usque
487 986 631 1028 pedalis,
660 986 818 1018 crassitie
844 984 978 1017 inferne
1001 993 1124 1026 pennae
1140 985 1361 1030 communie,
1380 987 1640 1029 decomposito-

124 1047 272 1079 disticbe
300 1047 441 1088 pinnata
466 1048 500 1077 et
526 1047 656 1077 sensim
683 1046 717 1076 in
743 1045 940 1076 crassitiem
956 1045 1165 1085 ‘capillarem
1193 1047 1380 1087 attenuata,
1415 1047 1639 1079 teretiuscula

125 1109 182 1137 aut
213 1104 463 1145 aliquantulum
497 1112 712 1145 compressa,
747 1104 984 1135 exsiccatione
1016 1112 1111 1143 saepe
1145 1103 1309 1144 collapsa,
1346 1114 1517 1146 nusquam
1554 1113 1640 1137 con-

123 1165 244 1204 spicue
272 1165 417 1204 costato,
444 1164 547 1194 ramis
576 1163 747 1204 primariis
774 1162 886 1203 nudis,
905 1162 1144 1203 superioribus
1168 1163 1506 1203 cilinio—pectinati&
1532 1163 1639 1204 Rami,

124 1222 380 1263 pinnaeetcilla
408 1221 612 1260 regulariter
639 1221 782 1262 alterna,
810 1220 967 1252 disticha.
1015 1221 1097 1252 Cilia
1126 1230 1142 1252 a
1171 1221 1294 1253 latiore
1320 1220 1393 1253 basi
1422 1222 1522 1261 longe
1549 1224 1640 1253 atte-

125 1283 226 1313 nuata
253 1283 365 1322 acuta,
393 1280 453 1312 450
480 1280 620 1311 circiter
646 1279 811 1319 patentia,
839 1279 992 1320 incurva,
1019 1279 1143 1310 lineam
1170 1279 1284 1318 longa.
1341 1278 1535 1312 Keramiilia
1562 1280 1639 1321 plus

123 1340 237 1371 minus
264 1338 348 1370 iufra
377 1339 510 1379 apicem
538 1339 721 1378 pinnarum
756 1338 904 1378 evoluta,
933 1339 966 1368 in
994 1336 1134 1368 rachide
1161 1337 1307 1379 sessilia,
1334 1339 1538 1381 plerumque
1565 1341 1639 1371 sin-

123 1397 212 1437 gula,
247 1406 337 1428 nunc
371 1397 518 1438 gemina,
550 1403 627 1427 cum
656 1396 745 1427 ciliis
771 1395 939 1435 lateralia,
966 1397 1064 1426 ovata
1093 1394 1374 1438 subcompressa,
1403 1399 1638 1436 carpostomio

124 1456 258 1495 apicem
286 1455 472 1495 pericarpii
501 1456 706 1495 occupante,
741 1454 783 1485 ob
811 1454 1040 1485 directionem
1066 1453 1246 1485 keraniidii
1274 1454 1307 1485 in
1334 1453 1467 1497 fronde,
1496 1457 1637 1495 laterali.

123 1513 224 1546 Color
257 1514 456 1544 coccineus.
512 1513 713 1544 Substantia
749 1512 1031 1554 membranacea,
1067 1511 1196 1544 cliartae
1223 1512 1416 1545 adhaerens.
1445 1533 1486 1537 —
1514 1514 1640 1554 Sphae-

124 1580 279 1613 rosporae·
306 1571 457 1617 nondum
483 1570 688 1603 observatae.

216 1653 310 1685 Hanc
350 1652 504 1693 plantam
544 1659 652 1690 genus
686 1652 739 1683 sui
768 1650 856 1692 juris
891 1651 1105 1683 constituere
1136 1650 1253 1683 forsan
1280 1652 1358 1693 quis
1383 1653 1553 1685 crederet.
1602 1653 1636 1686 In

124 1711 236 1744 fructu
264 1710 436 1750 capsulari
465 1718 481 1741 a
510 1708 654 1740 Deliseae
689 1709 829 1750 reliquis
863 1709 1050 1749 speciebus
1083 1709 1332 1750 aliquantulum
1358 1710 1501 1755 abludit,
1528 1713 1574 1744 ita
1601 1717 1638 1745 ut

119 1770 189 1812 jam
218 1769 331 1809 lindie,
356 1768 469 1800 fructu
497 1767 820 1808 spliaerosporarum
847 1769 976 1809 ignoto,
1004 1776 1130 1808 genera
1156 1768 1249 1800 nullo
1277 1770 1415 1808 negotio
1443 1769 1638 1810 distingue-

124 1831 253 1860 rentur.
314 1825 468 1857 Trasitus
507 1828 621 1856 autem
658 1825 698 1856 ad
739 1825 888 1866 reliquas
920 1827 1060 1866 species
1087 1827 1119 1857 in
1146 1825 1185 1857 D.
1211 1825 1381 1858 fimbriata
1410 1829 1488 1861 vidi.
1540 1829 1638 1862 ln-D.

124 1887 281 1925 elegante
318 1886 415 1916 costa
454 1885 643 1924 conspicua
684 1892 748 1915 non
777 1883 892 1925 ailes't3
919 1883 1011 1916 frons
1039 1884 1319 1917 transversaliter
1345 1888 1442 1918 secta
1468 1889 1639 1919 monstrat

123 1943 243 1976 tubum
271 1941 457 1973 centralem
485 1942 680 1983 angustum,
708 1940 842 1973 cellulis
870 1941 1060 1973 minoribus
1087 1943 1252 1981 cinctum,
1275 1944 1472 1984 sensimque
1490 1946 1637 1977 utvide-

124 2005 178 2034 tur
203 2002 235 2032 in
264 2000 406 2032 cellulas
433 1999 661 2044 subdivisum.
679 1998 844 2031 'Stratum
872 1999 1128 2040 peripliericum
1155 2008 1258 2041 quam
1285 2001 1317 2032 in
1335 2001 1475 2042 reliquis
1490 2001 1637 2035 Deliseae

124 2058 310 2099 speciebus
338 2058 487 2098 tenuius,
514 2058 644 2097 saepius
670 2058 819 2097 simplici
847 2060 936 2089 serie
963 2058 1163 2090 cellularum
1185 2058 1415 2091 coloratarum
1432 2059 1637 2103 conflatumf3

125 2117 156 2147 in
196 2117 294 2147 senili
334 2118 368 2147 et
404 2114 567 2147 inferiore
606 2114 726 2148 fronde
763 2116 879 2157 plures
912 2118 1022 2148 series
1048 2116 1186 2148 demum
1212 2117 1349 2149 adsunt.
1399 2116 1636 2158 Pericarpium

125 2174 239 2213 tenue,
272 2173 421 2213 simplici
456 2175 545 2204 serie
579 2172 781 2205 cellularum
808 2174 1003 2206 conflatum,
1054 2173 1214 2206 Placenta
1241 2174 1369 2206 basalis
1397 2183 1414 2206 a
1442 2175 1523 2207 tubo
1551 2183 1637 2207 cen-

125 2231 200 2262 trali
234 2230 390 2263 formata.
446 2230 596 2263 Nucleus
630 2233 665 2263 et
698 2230 887 2263 Gemniidia
921 2233 1016 2263 utin
1044 2232 1121 2263 aliis
1147 2232 1347 2273 speciebus.
1397 2232 1446 2263 Ab
1473 2232 1635 2264 inferiore

124 2297 206 2320 vero
233 2291 330 2329 parte
358 2289 527 2329 placentie
554 2290 587 2321 in
613 2289 651 2320 D.
679 2290 836 2329 elegante
863 2289 990 2321 abeunt
1014 2290 1068 2321 sila
1095 2292 1309 2333 tenuissima,
1337 2300 1439 2323 secus
1465 2292 1634 2332 parietem

124 2347 309 2388 pericarpii
343 2346 602 2389 adscendentia‚
636 2347 845 2390 dichotoma,
878 2356 982 2388 supra
1015 2349 1174 2380 nucleum
1201 2350 1368 2381 arcuatim
1395 2350 1575 2382 introtlexa
1601 2351 1636 2381 et

126 2404 204 2435 dein
245 2404 288 2435 ed
325 2405 596 2445 carpostomium
636 2406 866 2447 excurrentia,
907 2404 971 2436 hoc
1009 2405 1174 2438 fasciculo
1212 2407 1347 2438 filorum
1379 2407 1634 2448 quodammodo

126 2462 283 2493 clausum
309 2461 499 2493 reddentia.
534 2461 602 2493 Fila
629 2461 705 2494 haec
731 2465 812 2494 sunt
837 2462 1091 2505 monilil'ormia,
1119 2465 1231 2496 saltim
1260 2465 1292 2496 in
1318 2465 1498 2504 superiore
1525 2466 1633 2507 parte,

127 2519 281 2551 articulis
307 2520 480 2560 supremis
507 2519 738 2552 crassioribus
765 2520 932 2553 diametro
959 2522 1164 2563 aequalibus,
1191 2521 1412 2554 inferioribus
1439 2522 1542 2562 duplo
1558 2522 1634 2554 lon-

127 2577 293 2617 gioribus.
349 2576 410 2609 Hic
442 2577 576 2609 filorum
609 2577 794 2618 adparatus
829 2580 862 2610 in
895 2578 1042 2612 Deliseae
1075 2580 1149 2612 aliis
1176 2580 1362 2622 speciebus
1388 2579 1494 2611 multo
1521 2580 1634 2611 minus

127 2635 351 2678 conspicuus,
390 2637 424 2667 et
459 2636 692 2677 pericarpium
730 2637 763 2668 in
802 2637 855 2670 his
890 2636 1046 2679 pluribus
1081 2638 1239 2672 seriebus
1274 2638 1473 2671 cellularum
1501 2639 1633 2671 confla—

126 2694 197 2725 tum
225 2694 290 2725 est.
