1728 3110
156 104 179 144 9
191 102 214 143 2
224 101 247 141 2
771 94 1054 136 RHonouELEAE.
1354 97 1664 153 Polysz'phonia.

152 230 187 268 8.
221 230 262 267 P.
294 239 448 266 PEOTEN
479 236 652 263 VENERIS
685 223 824 273 (chv.
854 223 944 261 Ner.
976 224 1067 262 Bor.
1098 223 1226 263 Amer.
1248 236 1290 273 p.
1321 225 1390 275 46)
1423 225 1502 264 filis
1518 226 1665 278 prima-

257 294 326 332 riis
356 292 604 344 repentibus,
635 290 818 342 apicibus
849 290 1181 341 secundariisque
1206 291 1485 330 erectiusculis
1503 292 1664 331 decom-

256 357 580 411 posito-ramosis
610 357 858 408 famulisque
900 356 1157 396 brevioribus
1197 359 1426 410 pectinatis‚
1458 360 1574 412 apice
1603 373 1665 398 re-

258 427 446 473 curvatis,
477 424 643 463 ramulis
675 423 832 463 bifariis
864 423 1095 462 secundatis
1126 424 1411 464 obtusiusculis
1428 426 1588 472 strictis,
1606 440 1666 465 ar-

255 494 389 533 ticulis
432 491 711 544 lO-siphoneis
754 491 884 537 nudis,
930 491 1128 530 diametro
1160 491 1505 540 subbrevioribus‚
1537 494 1666 546 sphae-

257 561 435 614 rosporis
465 560 506 598 in
536 558 702 598 ramulis
743 558 811 596 vix
843 557 1005 596 mutatis
1035 557 1187 610 paucis,
1216 559 1454 599 keramidiis
1486 561 1666 601 urceola-

258 630 308 667 tis
338 629 460 679 longe
490 625 758 679 pedicellatis.

241 707 509 750 Polysiphonia
534 708 665 749 pecten
692 705 848 736 Veneris
873 702 1030 736 ch·v.l.
1048 702 1164 737 atah.
1182 703 1284 738 XVI
1306 703 1371 738 Ol!
1396 707 1509 744 (excl.
1526 710 1668 748 vaizss).

257 777 360 816 Hab.
392 777 497 815 inter
527 775 626 813 alias
655 775 767 826 algas
798 777 839 812 et
869 774 1097 813 Corallinas
1128 775 1271 814 oceani
1302 776 1483 815 atlantici
1513 777 1670 817 adoras

150 846 351 884 Americae
382 845 614 884 foederatae.
648 843 915 894 (Blodgetffl).

242 924 406 957 Frondes
433 922 754 967 sesquipollicares
781 922 1041 955 ramosissinnc
1069 924 1131 963 (ut
1160 923 1338 965 suspicor,
1355 923 1619 957 decumbentes
1635 928 1671 957 et

152 994 256 1015 secus
282 983 374 1015 alias
399 983 500 1025 algas
527 991 708 1025 cxpansae,
742 981 931 1023 ramisque
969 981 1175 1012 recurvatis
1202 980 1292 1013 alias
1320 980 1603 1023 amplectentes)
1632 982 1670 1014 in

152 1044 253 1084 parte
279 1041 454 1073 inferiore
482 1040 604 1072 forsan
632 1038 808 1071 radiculis
836 1038 1007 1070 demissis
1034 1038 1163 1071 adfixa¹
1189 1040 1368 1082 (superne
1396 1040 1431 1071 in
1460 1041 1573 1072 ramis
1588 1039 1670 1072 nul-

150 1099 204 1131 las
230 1100 328 1139 vidi)
354 1099 496 1130 inscrnc
525 1100 602 1130 scta
631 1107 759 1139 parum
788 1097 988 1134 tenuiores,
1015 1106 1162 1129 sursum
1201 1100 1422 1141 attenuata*-7
1460 1098 1582 1140 apices
1609 1101 1672 1137 (ut

151 1157 331 1199 conjicere
357 1157 443 1189 licet
469 1155 754 1195 adscendentes)
786 1156 922 1187 eximie
956 1156 1145 1188 recurvati
1182 1156 1347 1189 ramulos
1374 1157 1581 1199 pectinatos
1608 1167 1672 1189 ex-

152 1217 287 1248 teriore
315 1215 429 1247 latere
459 1216 685 1246 emittentes.
736 1213 885 1246 Raniuli
914 1224 1016 1246 ramo
1043 1214 1163 1246 multo
1201 1215 1402 1254 tenuiores,
1439 1214 1576 1247 lineam
1602 1216 1671 1247 cir-

151 1275 240 1305 citer
267 1273 379 1315 longi,
406 1283 426 1305 a
451 1282 554 1305 ramo
581 1272 787 1311 ver-ficales,
814 1272 970 1304 inferius
996 1272 1095 1305 latus
1122 1276 1218 1315 (quo
1245 1272 1328 1305 aliis
1353 1273 1447 1315 algis
1462 1274 1532 1306 suit
1547 1274 1672 1317 proxi-

152 1338 227 1373 ma)
256 1332 452 1374 fugientes,
479 1332 516 1362 in
544 1332 736 1373 superiore
753 1330 994 1363 dextrorsum
1024 1335 1059 1362 et
1074 1332 1333 1364 sinistrorsum
1347 1331 1488 1364 alterne
1503 1332 1672 1375 porrecti,

150 1401 216 1434 per
242 1391 358 1423 lineus
384 1389 485 1430 duas,
511 1392 548 1422 in
587 1391 772 1422 exsiccata
799 1390 944 1422 unicani
967 1389 1166 1422 secundam
1187 1390 1430 1430 conficientes,
1455 1400 1475 1422 a
1499 1391 1672 1432 geniculo

152 1460 300 1493 quoque
328 1449 476 1492 singuli,
503 1459 633 1492 parum
660 1459 680 1480 a
705 1448 783 1481 basi
811 1449 993 1480 attenuati
1033 1448 1167 1489 obtusi,
1198 1447 1386 1490 juveniles
1421 1450 1522 1492 apice
1548 1451 1608 1491 (ut
1635 1451 1671 1482 in

151 1508 251 1548 aliis)
277 1507 430 1540 fibrillas
461 1510 496 1538 et
535 1507 743 1539 antheridia
784 1508 858 1539 sere
898 1506 1103 1540 lanceolata
1143 1508 1324 1551 stipitata,
1362 1508 1570 1541 adultiores
1608 1510 1673 1541 vix

151 1567 270 1599 forma
297 1567 431 1598 mutati
460 1565 736 1610 sphzerosporas
761 1576 895 1608 paucas
919 1565 1053 1606 (2-3),
1076 1567 1227 1598 seriatas
1241 1568 1305 1599 aut
1320 1577 1466 1610 sparsas
1492 1568 1672 1600 foventes.

154 1625 430 1665 l<e1·a1nidia(a
456 1636 512 1657 me
542 1635 615 1657 non
654 1625 751 1667 visa)
789 1624 1120 1664 ovato-urceolam,
1158 1625 1261 1668 apice
1299 1625 1482 1668 producto
1510 1628 1673 1668 pertuso⁷

155 1683 335 1726 pedieello
362 1684 452 1726 ipsis
480 1683 650 1725 longiore
677 1682 838 1722 suffulta,
875 1683 1030 1715 ramulis
1068 1682 1184 1726 duplo
1222 1683 1369 1725 latiora,
1397 1694 1417 1716 a
1442 1684 1572 1716 fronde
1598 1686 1672 1728 pri-

155 1743 269 1774 maria
294 1743 560 1784 provenientia.
610 1741 770 1774 Articuli
810 1743 847 1774 in
887 1742 1153 1784 speciminibus
1180 1752 1200 1774 a
1227 1752 1284 1774 me
1314 1743 1403 1774 visis
1442 1753 1569 1775 omnes
1595 1744 1673 1776 dia-

154 1803 273 1833 metro
301 1801 489 1834 breviores
515 1804 576 1833 aut
605 1801 854 1845 sub-aquales
882 1806 969 1839 (sec.
996 1802 1108 1834 Harv.
1134 1802 1172 1834 iu
1196 1803 1308 1834 ramis
1332 1803 1672 1846 sesquilongiores)

154 1868 219 1901 per
246 1862 358 1891 totam
386 1859 548 1901 plantam
576 1861 776 1903 conspicui,
792 1860 899 1903 nudi3
936 1861 1099 1893 sectione
1126 1860 1365 1893 transversali
1394 1861 1470 1893 vidi
1497 1861 1672 1905 siphones

156 1916 199 1948 10
225 1918 321 1949 circa
347 1918 547 1950 centralem
575 1920 768 1951 minorem.
817 1917 930 1951 Color
956 1918 1106 1951 filorum
1133 1919 1396 1962 principalium
1419 1919 1672 1952 albo-strami-

157 1986 255 2015 neus,
282 1976 513 2008 ramulorum
540 1986 834 2019 15›111‘piu¹ascens3
863 1975 999 2008 charta*
1026 1976 1203 2009 adhaeret.

246 2035 392 2077 Harvey
419 2034 463 2067 ad
491 2045 593 2067 suam
620 2035 658 2067 P.
687 2038 814 2078 pecten
854 2035 1010 2067 Veneris
1048 2037 1265 2068 varietatem
1305 2036 1424 2076 duxit,
1451 2046 1563 2080 quam
1589 2046 1609 2067 a
1636 2036 1672 2067 P.

157 2092 318 2131 secunda
346 2093 576 2136 distinguere
602 2104 676 2126 non
702 2093 858 2125 valeam.
907 2094 1080 2125 Formam
1113 2094 1329 2136 primariam
1357 2097 1486 2127 contra
1510 2105 1530 2126 a
1554 2094 1591 2125 P.
1619 2103 1673 2125 se-

155 2151 276 2184 cunda
305 2152 513 2184 distinctam
542 2155 642 2195 puto,
668 2151 800 2185 fronde
829 2151 949 2184 multo
976 2151 1123 2193 majore,
1162 2153 1200 2184 in
1239 2155 1344 2195 parte
1385 2154 1575 2196 superiore
1603 2152 1674 2184 sal-

156 2213 230 2242 tem
258 2221 389 2253 parum
415 2210 614 2250 radicante,
644 2210 798 2243 ramulis
825 2210 945 2253 quoad
974 2221 1098 2243 ramos
1137 2211 1384 2251 tenuioribus,
1410 2211 1578 2254 apicibus
1616 2222 1673 2244 re-

157 2269 318 2300 curvatis
346 2270 427 2307 (nee
453 2269 688 2310 incurvatis),
714 2268 959 2312 articulisque
986 2269 1233 2302 brevioribus.

155 2384 192 2422 9.
225 2385 268 2423 P.
299 2398 548 2424 vnnsmoroa
578 2385 714 2434 (Hoolc.
734 2385 796 2432 fil.
828 2387 862 2421 et
890 2384 1012 2421 Harv.
1042 2388 1169 2435 mser.)
1200 2384 1279 2422 filis
1309 2383 1512 2436 primariis
1528 2395 1672 2435 repen-

266 2451 385 2497 tibus,
417 2451 599 2503 apicibus
631 2449 961 2500 secundariisque
988 2450 1265 2489 erectiusculis
1298 2449 1573 2495 subocellatis‚
1604 2450 1673 2488 de-

265 2518 680 2569 composito-ramosis
714 2516 961 2566 ramulisque
998 2516 1253 2556 brevioribus
1283 2515 1512 2568 pectinatis,
1541 2528 1671 2554 ramu-

266 2583 315 2620 lis
345 2583 500 2621 bifariis
531 2583 760 2622 secundatis
790 2582 984 2621 subulatis
1015 2582 1206 2629 incurvis,
1245 2582 1426 2621 articulis
1464 2581 1672 2633 lO-sipho-

267 2649 343 2687 niis
374 2650 504 2695 nudis,
534 2650 736 2701 primariis
775 2649 972 2688 diametro
1014 2648 1210 2701 2-3-1310
1242 2649 1508 2701 longiol‘ibuS‚
1540 2662 1669 2687 ramu-

267 2716 395 2754 lorum
427 2716 831 2767 sesquilongioribus‚
862 2715 1152 2767 sphaerosporis
1182 2729 1255 2768 per
1283 2716 1460 2754 ramulos
1486 2715 1555 2754 vix
1584 2729 1670 2754 mu-

267 2787 369 2821 tatos
400 2782 569 2828 seriatis,
599 2783 835 2822 kei-amidiis
864 2782 969 2820 infra
1010 2782 1167 2833 apicem
1197 2782 1444 2821 ramulorum
1475 2782 1669 2821 extrorsis

271 2848 478 2887 sessilibus
509 2849 650 2887 ovatis.
