1728 3110
156 80 170 119 '1
184 79 208 119 Ο
218 80 241 119 8
252 79 272 117 2
773 76 1054 119 RuoDOMELEAE.
1388 84 1665 138 Dic-tymem‘a.

147 218 219 251 que
246 207 478 249 simplicibus
507 206 637 247 obsita,
664 208 879 250 constituta,
912 211 999 241 sunt
1027 210 1269 242 teretiuscula
1306 221 1506 245 verrucosa
1531 215 1566 244 et
1592 215 1665 256 spi-

147 264 287 304 nulosa,
319 275 385 308 per
410 265 546 297 lineam
575 265 779 308 simplicem
814 266 1127 309 longitudinalem
1157 267 1344 311 spiraliter
1377 269 1661 303 adscendentem

146 323 422 367 s11·haerosporas
449 323 623 356 foventia.
652 342 692 346 ——
720 324 813 357 Tota
838 325 941 358 frons
981 328 1035 357 sat
1074 327 1272 369 conspicue
1310 327 1483 368 areolata,
1521 329 1666 361 cellulis
1721 323 1722 328 ¹

146 381 389 413 interioribus
422 382 566 424 magnis
605 381 935 419 translucentibus„
975 384 1151 428 venisque
1190 384 1234 417 ad
1272 385 1401 418 dentes
1443 387 1609 429 singulas
1646 398 1666 420 a

149 442 251 473 costa
276 440 564 473 excurrentibus
589 441 782 474 instructa.
833 441 986 475 Cellula*
1013 443 1156 475 areolas
1186 445 1455 477 constituentes
1494 448 1580 478 sunt
1606 456 1664 478 ro-

148 497 551 542 tundato-hexagonae3
588 510 688 532 venae
716 500 863 532 cellulis
895 501 1152 534 consimilibus
1178 505 1214 533 at
1241 503 1534 545 angustioribus,
1559 505 1665 547 quasi

146 558 262 599 magis
289 557 474 600 elongatis
502 559 733 601 efficiuntur3
768 569 843 602 quo
870 559 1077 592 adultiores
1103 570 1213 599 venae,
1241 571 1284 594 co
1312 561 1438 604 plures
1477 562 1661 603 ejusmodi

145 615 297 656 cellulae,
337 626 465 649 omnes
503 628 605 660 aeque
643 617 776 660 longae,
815 621 854 650 ut
881 617 1056 661 siphones
1088 619 1163 651 sere
1203 619 1345 652 diceres
1372 620 1657 664 Polysiphoniae.

146 675 284 708 Dentes
312 674 477 707 subulati
503 675 760 719 polysiphonii
787 676 978 720 adparent.
1009 696 1043 701 ——
1075 677 1291 710 Substantia
1319 679 1600 712 membranacea
1626 682 1666 712 ut

145 733 282 766 charta·
310 735 373 765 vix
399 733 598 766 adhaereat.
648 733 761 767 Color
787 740 1093 778 atropurpureus.

236 793 384 835 Species
411 792 474 825 diu
502 793 660 835 cognita,
686 796 723 825 at
749 795 949 827 recentiori
976 798 1144 837 tempore
1170 805 1252 827 cum
1280 796 1323 828 D.
1338 795 1558 838 Harveyana
1581 807 1667 829 con-

143 850 234 891 fusa,
263 862 283 882 a
308 850 476 884 Sondero
503 851 654 883 demum
682 851 866 891 distincta,
893 853 923 884 si
950 863 1080 885 revera
1108 854 1249 896 species
1275 853 1321 886 ab
1349 864 1391 887 eo
1419 854 1605 898 descripta
1620 856 1663 888 ad

142 909 184 942 D.
214 908 414 941 tridentem
442 910 637 952 pertineat.
689 910 941 943 Differentiam
977 912 1153 943 nimirum
1183 912 1389 954 specierum
1417 913 1453 944 in
1482 914 1666 956 positione

143 969 290 1001 diversa
328 969 586 1003 sticliidiorum
628 971 752 1013 posuit
788 971 941 1011 Sonder,
979 982 1052 1015 quo
1091 976 1260 1015 respectu
1299 976 1424 1006 nostra
1464 975 1667 1017 specimina

143 1027 287 1059 nullum
314 1028 479 1060 indicant
505 1028 762 1061 differentiani.
813 1028 888 1061 Cfr.
913 1030 956 1062 D.
984 1030 1139 1062 Sonderi
1167 1031 1277 1063 Harv.

142 1144 179 1182 3,
209 1143 261 1183 D.
296 1143 480 1182 Sonnnm
509 1144 648 1193 (Harv.
679 1144 777 1183 List.
809 1145 942 1183 Austr.
973 1145 1061 1195 Alf).
1092 1159 1128 1184 η.
1160 1146 1260 1194 122)
1293 1146 1436 1186 fronde
1469 1150 1666 1188 membra·
1693 1163 1697 1167 ·

252 1224 379 1249 nacea
409 1211 587 1250 areolata
620 1212 775 1250 alterne
807 1214 1275 1265 decomposito-pinnata
1306 1214 1576 1267 dentibusque
1607 1217 1666 1255 in-

251 1278 454 1317 termixtis
485 1291 660 1330 superne
689 1284 855 1326 serrata,
900 1280 1060 1318 inferne
1106 1280 1294 1319 dentibus
1339 1282 1533 1321 obsoletis
1564 1283 1666 1321 inte-

251 1346 468 1398 griuscula,
522 1345 657 1398 pinnis
711 1346 934 1386 linearibus
984 1348 1393 1395 rotundato-obtusis,
1433 1350 1666 1399 junioribus

253 1412 394 1451 dentes
424 1412 622 1464 pinnatim
656 1412 926 1453 3-multif1d0s
958 1414 1171 1453 latitudine
1210 1415 1346 1467 pinnae
1378 1417 1500 1469 duplo
1532 1417 1665 1456 brevi-

251 1492 342 1519 ores
373 1480 622 1532 gerentibus,
652 1480 855 1519 fertilibus
886 1493 909 1518 a
940 1481 1052 1520 disco
1091 1482 1309 1533 profiteris,
1339 1483 1379 1521 in
1410 1484 1577 1523 ramulis
1608 1485 1665 1522 fa-

250 1547 454 1586 sciculatis
486 1547 675 1585 sticliidia
704 1547 920 1587 lancoidea
950 1549 1211 1587 teretiuscula
1228 1563 1348 1602 parce
1366 1551 1530 1603 spinosa
1555 1552 1665 1591 evol-

252 1614 451 1653 ventibus.

234 1695 467 1736 Dictyrnenia
496 1695 651 1727 Sonderi
681 1693 801 1727 Ham-2³.
828 1694 850 1727 l.
878 1694 950 1728 (1.!!
974 1694 1087 1738 Phyc.
1115 1699 1235 1730 aus-tr.
1265 1697 1335 1730 tab.
1365 1697 1486 1732 XXI!

235 1753 468 1794 Dictymenia
496 1753 678 1785 fimbriata
703 1752 823 1786 Ηανιτ.
851 1753 953 1786 Mar.
980 1753 1061 1787 Rot.
1087 1752 1129 1795 of
1158 1754 1265 1788 West.
1293 1756 1424 1790 Austr.
1450 1767 1509 1790 nso
1535 1759 1595 1791 58!

233 1811 328 1843 Dict.
357 1811 498 1844 tridens
528 1809 638 1843 Soml.
667 1809 726 1843 Pl.
752 1811 883 1845 Muell.
908 1811 947 1844 in
972 1811 1130 1846 Lz'nnoea
1162 1812 1236 1846 Vol.
1264 1815 1307 1848 25
1328 1823 1369 1856 p.
1395 1815 1485 1848 6975>

252 1880 354 1919 Hab.
385 1881 434 1919 ad
467 1894 556 1919 oras
574 1881 1010 1920 austro-occidentales
1028 1882 1155 1921 Novae
1172 1883 1402 1923 Hollandiae
1434 1884 1664 1936 (Hal-vey!).

231 1960 350 1993 Frons
375 1959 465 1993 4—ss
492 1960 692 2003 pollicaris,
720 1971 836 2004 usque
865 1961 1046 2004 bipedalis
1072 1964 1161 1999 (sec.
1189 1963 1366 2005 Harvey),
1392 1963 1664 2007 2—3-pinnata‚

138 2019 281 2050 inferne
309 2020 344 2051 iu
373 2019 513 2051 caulem
542 2019 825 2052 teretiusculum
852 2019 991 2061 abiens,
1020 2031 1105 2053 mox
1146 2020 1254 2062 plana
1287 2021 1448 2062 linearis,
1474 2032 1591 2066 usque
1617 2022 1660 2055 ad

138 2077 259 2119 apices
287 2079 437 2115 eost-ata,
464 2081 565 2109 costa
590 2078 627 2109 in
655 2087 766 2109 venas
792 2077 835 2110 ad
865 2078 993 2110 dentes
1025 2078 1191 2111 alternos
1224 2083 1465 2112 excurrentes
1492 2081 1661 2113 continu·
1683 2093 1687 2097 ’

139 2138 209 2167 ata.
259 2135 383 2167 Pinnae
411 2145 475 2177 per
501 2138 617 2167 totam
644 2135 914 2178 longitudinem
943 2136 961 2167 2
988 2136 1104 2169 lineas
1132 2138 1279 2169 circiter
1305 2137 1398 2177 latae,
1426 2138 1503 2170 basi
1530 2139 1662 2182 paulu-

138 2193 217 2225 lum
244 2195 461 2235 angustatae,
486 2194 587 2236 apice
615 2193 993 2233 rotundato-obtusa,
1020 2194 1217 2237 pollicares
1244 2198 1308 2228 aut
1335 2205 1452 2239 usque
1478 2196 1568 2228 3-——4
1582 2196 1662 2240 pol-

139 2251 279 2291 licares,
300 2251 470 2293 juniores
500 2262 564 2295 per
591 2254 705 2284 totam
734 2252 1020 2294 longit-udinem,
1059 2253 1264 2286 adultiores
1302 2264 1461 2297 superne
1501 2258 1663 2287 serrato-

139 2310 308 2349 dentata,
350 2310 526 2343 dentibus
565 2311 701 2343 sensim
739 2310 919 2343 obsoletis
959 2312 1164 2354 marginem
1192 2313 1229 2344 in
1256 2312 1507 2345 adultioribus
1539 2314 1661 2356 pinnis

137 2369 447 2412 integriusculum
475 2372 539 2401 aut
565 2369 798 2402 cicatricibus
824 2371 986 2413 partium
1003 2370 1236 2413 delapsarum
1252 2371 1472 2414 inaequalem
1490 2371 1662 2415 linquen-

138 2427 248 2460 tibus.
297 2429 434 2462 Dentes
462 2428 685 2471 marginales
713 2428 905 2460 dimidiam
939 2430 1133 2471 pinnarum
1162 2429 1397 2461 latitudinem
1426 2429 1661 2472 longitudine

139 2497 205 2518 sua
230 2486 327 2519 haud
356 2489 555 2530 zeqilaiites,
582 2488 753 2519 constant
781 2486 891 2518 dente
930 2489 1108 2530 primario
1136 2487 1322 2527 subulato,
1349 2487 1453 2529 cujus
1479 2489 1516 2520 in
1545 2489 1660 2521 axilla

139 2546 309 2587 provenit
336 2546 579 2578 secundarius
606 2545 781 2581 ramulus,
820 2547 1001 2589 pinnatim
1041 2547 1256 2579 subdivisus
1282 2548 1320 2579 in
1346 2547 1521 2581 ramellos
1547 2548 1659 2580 alter-

138 2613 204 2635 nos
231 2603 436 2642 subtil-atos,
463 2614 625 2647 quorum
653 2605 815 2646 supremi
843 2615 941 2636 nunc
967 2606 1069 2648 apice
1084 2604 1449 2648 feremonosiphonii
1467 2606 1661 2648 videntur·7

140 2672 240 2693 venae
267 2672 287 2693 a
314 2665 415 2694 costa
443 2663 561 2705 pinuae
591 2663 853 2705 provenientes
879 2662 922 2694 ad
952 2663 1139 2695 ramulum
1180 2665 1395 2702 excurrunt,
1421 2666 1457 2694 et
1483 2662 1568 2696 huic
1596 2676 1660 2696 ex-

138 2720 316 2751 crescenti
346 2722 485 2752 costam
520 2721 666 2760 sistunt,
693 2719 858 2753 ramellis
886 2720 1158 2754 alternantibus
1184 2721 1220 2753 in
1248 2730 1380 2753 novam
1409 2720 1577 2754 dentium
1605 2732 1659 2754 se-

1721 2270 1728 2650 ,A-4.——.——-.——.....
1725 2213 1728 2220 .
1725 2140 1728 2163 --

138 2777 229 2808 riem
257 2778 420 2810 mutatis.
471 2778 512 2810 Iu
543 2777 671 2821 planta
697 2778 887 2811 fructifera
913 2789 932 2810 a
960 2780 1062 2811 venis
1089 2782 1320 2821 emergentes
1349 2779 1573 2820 proveniunt
1592 2790 1659 2812 cae-
1708 2797 1728 2822 [-

139 2834 265 2875 spituli
304 2837 432 2878 sparsi,
471 2837 507 2868 in
535 2837 660 2879 stipite
700 2837 803 2869 brevi
840 2836 1303 2879 fasciculato-corymbosi‚
1339 2835 1477 2868 lineam
1510 2838 1659 2870 circiter
1708 2836 1709 2871 ἶ

1724 2844 1728 2858 l
