<?xml version="1.0" encoding="UTF-8"?>
<!DOCTYPE html PUBLIC "-//W3C//DTD XHTML 1.0 Transitional//EN"
    "http://www.w3.org/TR/xhtml1/DTD/xhtml1-transitional.dtd">
<html xmlns="http://www.w3.org/1999/xhtml" xml:lang="en" lang="en">
 <head>
  <title>
</title>
<meta http-equiv="Content-Type" content="text/html;charset=utf-8" />
  <meta name='ocr-system' content='tesseract 3.04.00' />
  <meta name='ocr-capabilities' content='ocr_page ocr_carea ocr_par ocr_line ocrx_word'/>
</head>
<body>
  <div class='ocr_page' id='page_1' title='image "./speciesgeneraeto0203agar_0133.png"; bbox 0 0 1728 3110; ppageno 0'>
   <div class='ocr_carea' id='block_1_1' title="bbox 69 131 1592 182">
    <p class='ocr_par' dir='ltr' id='par_1_1' title="bbox 69 131 1592 182">
     <span class='ocr_line' id='line_1_1' title="bbox 69 131 1592 182; baseline -0.011 0"><span class='ocrx_word' id='word_1_1' title='bbox 69 139 322 182; x_wconf 67' lang='lat' dir='ltr'>Martensia.</span> <span class='ocrx_word' id='word_1_2' title='bbox 686 131 969 174; x_wconf 68' lang='lat' dir='ltr'>RnonmtELEAE.</span> <span class='ocrx_word' id='word_1_3' title='bbox 1503 134 1525 173; x_wconf 72' lang='lat'>8</span> <span class='ocrx_word' id='word_1_4' title='bbox 1536 134 1558 174; x_wconf 67' lang='lat'>⁴2</span> <span class='ocrx_word' id='word_1_5' title='bbox 1569 136 1592 175; x_wconf 80' lang='lat'>5</span> 
     </span>
    </p>
   </div>
   <div class='ocr_carea' id='block_1_2' title="bbox 68 264 1597 595">
    <p class='ocr_par' dir='ltr' id='par_1_2' title="bbox 68 264 1597 595">
     <span class='ocr_line' id='line_1_2' title="bbox 68 264 1597 331; baseline 0 -12"><span class='ocrx_word' id='word_1_6' title='bbox 68 264 724 322; x_wconf 62' lang='lat' dir='ltr'>CXXVIII.MARTENs1A</span> <span class='ocrx_word' id='word_1_7' title='bbox 765 280 918 327; x_wconf 68' lang='lat' dir='ltr'>Hcre&#39;ngl</span> <span class='ocrx_word' id='word_1_8' title='bbox 962 282 1005 319; x_wconf 70' lang='lat' dir='ltr'>m</span> <span class='ocrx_word' id='word_1_9' title='bbox 1049 282 1155 319; x_wconf 64' lang='lat' dir='ltr'>Arm.</span> <span class='ocrx_word' id='word_1_10' title='bbox 1193 284 1238 331; x_wconf 89' lang='lat' dir='ltr'>of</span> <span class='ocrx_word' id='word_1_11' title='bbox 1264 282 1354 320; x_wconf 70' lang='lat' dir='ltr'>Nat.</span> <span class='ocrx_word' id='word_1_12' title='bbox 1385 283 1486 320; x_wconf 67' lang='lat' dir='ltr'>Hist.</span> <span class='ocrx_word' id='word_1_13' title='bbox 1522 282 1597 321; x_wconf 75' lang='lat' dir='ltr'>Oet.</span> 
     </span>
     <span class='ocr_line' id='line_1_3' title="bbox 176 346 1596 396; baseline -0.001 -9"><span class='ocrx_word' id='word_1_14' title='bbox 176 348 295 388; x_wconf 89' lang='lat'>1841.</span> <span class='ocrx_word' id='word_1_15' title='bbox 319 362 360 396; x_wconf 67' lang='grc' dir='ltr'>Ρ.</span> <span class='ocrx_word' id='word_1_16' title='bbox 391 348 456 386; x_wconf 82' lang='grc'>90.</span> <span class='ocrx_word' id='word_1_17' title='bbox 490 348 615 385; x_wconf 76' lang='lat' dir='ltr'>Flora</span> <span class='ocrx_word' id='word_1_18' title='bbox 647 346 765 384; x_wconf 83' lang='lat'>1844.</span> <span class='ocrx_word' id='word_1_19' title='bbox 806 347 881 385; x_wconf 69' lang='lat' dir='ltr'>Vol.</span> <span class='ocrx_word' id='word_1_20' title='bbox 912 348 968 384; x_wconf 88' lang='grc' dir='ltr'>Π.</span> <span class='ocrx_word' id='word_1_21' title='bbox 1001 360 1060 386; x_wconf 70' lang='lat'>2250</span> <span class='ocrx_word' id='word_1_22' title='bbox 1090 348 1154 387; x_wconf 82' lang='lat'>47.</span> <span class='ocrx_word' id='word_1_23' title='bbox 1194 350 1317 386; x_wconf 35' lang='lat' dir='ltr'>Ham-4</span> <span class='ocrx_word' id='word_1_24' title='bbox 1346 349 1437 387; x_wconf 78' lang='lat' dir='ltr'>Ner.</span> <span class='ocrx_word' id='word_1_25' title='bbox 1461 348 1596 386; x_wconf 74' lang='lat' dir='ltr'>Austr.</span> 
     </span>
     <span class='ocr_line' id='line_1_4' title="bbox 170 412 1597 464; baseline 0 -11"><span class='ocrx_word' id='word_1_26' title='bbox 170 430 212 464; x_wconf 74' lang='lat' dir='ltr'>p.</span> <span class='ocrx_word' id='word_1_27' title='bbox 255 415 319 453; x_wconf 80' lang='lat'>73.</span> <span class='ocrx_word' id='word_1_28' title='bbox 365 415 484 453; x_wconf 63' lang='lat' dir='ltr'>Ke&#39;t&#39;tz.</span> <span class='ocrx_word' id='word_1_29' title='bbox 532 415 596 462; x_wconf 74' lang='lat' dir='ltr'>Sp.</span> <span class='ocrx_word' id='word_1_30' title='bbox 633 426 674 461; x_wconf 70' lang='lat' dir='ltr'>p.</span> <span class='ocrx_word' id='word_1_31' title='bbox 706 412 797 450; x_wconf 84' lang='lat'>888.</span> <span class='ocrx_word' id='word_1_32' title='bbox 856 414 1106 452; x_wconf 78' lang='lat' dir='ltr'>Hemilrema</span> <span class='ocrx_word' id='word_1_33' title='bbox 1137 417 1183 453; x_wconf 79' lang='lat' dir='ltr'>R.</span> <span class='ocrx_word' id='word_1_34' title='bbox 1214 418 1282 453; x_wconf 77' lang='lat' dir='ltr'>Br.</span> <span class='ocrx_word' id='word_1_35' title='bbox 1314 428 1420 454; x_wconf 72' lang='lat' dir='ltr'>mser.</span> <span class='ocrx_word' id='word_1_36' title='bbox 1480 416 1597 453; x_wconf 77' lang='lat' dir='ltr'><em>Endl.</em></span> 
     </span>
     <span class='ocr_line' id='line_1_5' title="bbox 185 479 1596 530; baseline 0 -10"><span class='ocrx_word' id='word_1_37' title='bbox 185 481 279 520; x_wconf 65' lang='lat' dir='ltr'>Gen.</span> <span class='ocrx_word' id='word_1_38' title='bbox 311 483 370 519; x_wconf 81' lang='lat' dir='ltr'>Pl.</span> <span class='ocrx_word' id='word_1_39' title='bbox 404 481 538 528; x_wconf 69' lang='lat' dir='ltr'>Suppl.</span> <span class='ocrx_word' id='word_1_40' title='bbox 569 481 650 517; x_wconf 88' lang='lat' dir='ltr'><strong><em>III.</em></strong></span> <span class='ocrx_word' id='word_1_41' title='bbox 674 492 714 527; x_wconf 74' lang='lat' dir='ltr'>p.</span> <span class='ocrx_word' id='word_1_42' title='bbox 746 479 809 517; x_wconf 83' lang='lat'>50.</span> <span class='ocrx_word' id='word_1_43' title='bbox 862 480 1079 517; x_wconf 83' lang='lat' dir='ltr'>Martensia</span> <span class='ocrx_word' id='word_1_44' title='bbox 1113 487 1151 518; x_wconf 88' lang='lat' dir='ltr'>et</span> <span class='ocrx_word' id='word_1_45' title='bbox 1180 482 1424 520; x_wconf 84' lang='lat' dir='ltr'>Mesotrema</span> <span class='ocrx_word' id='word_1_46' title='bbox 1453 483 1488 520; x_wconf 84' lang='lat' dir='ltr'>J.</span> <span class='ocrx_word' id='word_1_47' title='bbox 1519 482 1596 530; x_wconf 71' lang='lat' dir='ltr'>Ay.</span> 
     </span>
     <span class='ocr_line' id='line_1_6' title="bbox 185 540 941 595; baseline -0.007 -7"><span class='ocrx_word' id='word_1_48' title='bbox 185 550 259 588; x_wconf 72' lang='lat' dir='ltr'>Vct.</span> <span class='ocrx_word' id='word_1_49' title='bbox 290 548 415 586; x_wconf 70' lang='lat' dir='ltr'>Alcad.</span> <span class='ocrx_word' id='word_1_50' title='bbox 454 540 599 595; x_wconf 63' lang='lat' dir='ltr'>O&#39;frers.</span> <span class='ocrx_word' id='word_1_51' title='bbox 632 545 751 584; x_wconf 86' lang='lat'>1854.</span> <span class='ocrx_word' id='word_1_52' title='bbox 776 559 816 593; x_wconf 69' lang='lat'>2).</span> <span class='ocrx_word' id='word_1_53' title='bbox 850 545 941 583; x_wconf 88' lang='lat'>110.</span> 
     </span>
    </p>
   </div>
   <div class='ocr_carea' id='block_1_3' title="bbox 70 636 1601 1291">
    <p class='ocr_par' dir='ltr' id='par_1_3' title="bbox 70 636 1601 1291">
     <span class='ocr_line' id='line_1_7' title="bbox 70 636 1597 691; baseline -0.001 -11"><span class='ocrx_word' id='word_1_54' title='bbox 70 641 198 680; x_wconf 85' lang='lat' dir='ltr'>Frons</span> <span class='ocrx_word' id='word_1_55' title='bbox 245 639 365 691; x_wconf 88' lang='lat' dir='ltr'>plana</span> <span class='ocrx_word' id='word_1_56' title='bbox 409 637 640 676; x_wconf 85' lang='lat' dir='ltr'>dichotoma</span> <span class='ocrx_word' id='word_1_57' title='bbox 689 640 730 674; x_wconf 90' lang='lat' dir='ltr'>et</span> <span class='ocrx_word' id='word_1_58' title='bbox 773 636 878 675; x_wconf 91' lang='lat' dir='ltr'>lobis</span> <span class='ocrx_word' id='word_1_59' title='bbox 925 638 1256 676; x_wconf 74' lang='lat' dir='ltr'>excrescentibus</span> <span class='ocrx_word' id='word_1_60' title='bbox 1296 639 1597 686; x_wconf 84' lang='lat' dir='ltr'>subimbricata,</span> 
     </span>
     <span class='ocr_line' id='line_1_8' title="bbox 179 702 1596 758; baseline 0 -14"><span class='ocrx_word' id='word_1_61' title='bbox 179 705 401 758; x_wconf 77' lang='lat' dir='ltr'>segmentis</span> <span class='ocrx_word' id='word_1_62' title='bbox 447 702 954 748; x_wconf 49' lang='lat' dir='ltr'>subcuneato-tlabellatiffi</span> <span class='ocrx_word' id='word_1_63' title='bbox 1001 703 1196 743; x_wconf 89' lang='lat' dir='ltr'>inferiore</span> <span class='ocrx_word' id='word_1_64' title='bbox 1240 708 1353 755; x_wconf 90' lang='lat' dir='ltr'>parte</span> <span class='ocrx_word' id='word_1_65' title='bbox 1398 705 1596 744; x_wconf 84' lang='lat' dir='ltr'>areolato-</span> 
     </span>
     <span class='ocr_line' id='line_1_9' title="bbox 180 769 1598 822; baseline -0.001 -11"><span class='ocrx_word' id='word_1_66' title='bbox 180 772 401 818; x_wconf 90' lang='lat' dir='ltr'>cellulosis,</span> <span class='ocrx_word' id='word_1_67' title='bbox 432 770 603 816; x_wconf 82' lang='lat' dir='ltr'>aveniis,</span> <span class='ocrx_word' id='word_1_68' title='bbox 637 769 848 821; x_wconf 78' lang='lat' dir='ltr'>superiore</span> <span class='ocrx_word' id='word_1_69' title='bbox 880 769 1124 816; x_wconf 86' lang='lat' dir='ltr'>fenestratis,</span> <span class='ocrx_word' id='word_1_70' title='bbox 1159 771 1377 809; x_wconf 86' lang='lat' dir='ltr'>trabeculis</span> <span class='ocrx_word' id='word_1_71' title='bbox 1394 770 1598 822; x_wconf 87' lang='lat' dir='ltr'>longitud-</span> 
     </span>
     <span class='ocr_line' id='line_1_10' title="bbox 178 836 1596 888; baseline -0.001 -10"><span class='ocrx_word' id='word_1_72' title='bbox 178 840 353 879; x_wconf 87' lang='lat' dir='ltr'>inalibus</span> <span class='ocrx_word' id='word_1_73' title='bbox 398 837 639 878; x_wconf 83' lang='lat' dir='ltr'>flabellatim</span> <span class='ocrx_word' id='word_1_74' title='bbox 684 836 908 888; x_wconf 81' lang='lat' dir='ltr'>dispositis,</span> <span class='ocrx_word' id='word_1_75' title='bbox 948 837 1287 877; x_wconf 69' lang='lat' dir='ltr'>transversalibus</span> <span class='ocrx_word' id='word_1_76' title='bbox 1319 838 1596 876; x_wconf 87' lang='lat' dir='ltr'>concentricas</span> 
     </span>
     <span class='ocr_line' id='line_1_11' title="bbox 177 905 1598 957; baseline -0.002 -11"><span class='ocrx_word' id='word_1_77' title='bbox 177 919 298 946; x_wconf 87' lang='lat' dir='ltr'>zonas</span> <span class='ocrx_word' id='word_1_78' title='bbox 328 906 612 951; x_wconf 76' lang='lat' dir='ltr'>formantibus,</span> <span class='ocrx_word' id='word_1_79' title='bbox 642 919 750 945; x_wconf 89' lang='lat' dir='ltr'>nunc</span> <span class='ocrx_word' id='word_1_80' title='bbox 781 905 1020 944; x_wconf 75' lang='lat' dir='ltr'>accessoriis</span> <span class='ocrx_word' id='word_1_81' title='bbox 1051 905 1234 944; x_wconf 87' lang='lat' dir='ltr'>formatis</span> <span class='ocrx_word' id='word_1_82' title='bbox 1258 906 1387 957; x_wconf 87' lang='lat' dir='ltr'>magis</span> <span class='ocrx_word' id='word_1_83' title='bbox 1404 905 1598 957; x_wconf 87' lang='lat' dir='ltr'>irregula-</span> 
     </span>
     <span class='ocr_line' id='line_1_12' title="bbox 177 972 1599 1023; baseline -0.003 -11"><span class='ocrx_word' id='word_1_84' title='bbox 177 987 255 1012; x_wconf 88' lang='lat' dir='ltr'>res.</span> <span class='ocrx_word' id='word_1_85' title='bbox 314 974 485 1012; x_wconf 81' lang='lat' dir='ltr'>Fructus</span> <span class='ocrx_word' id='word_1_86' title='bbox 525 974 566 1011; x_wconf 91' lang='lat' dir='ltr'>in</span> <span class='ocrx_word' id='word_1_87' title='bbox 597 973 818 1012; x_wconf 89' lang='lat' dir='ltr'>trabeculis</span> <span class='ocrx_word' id='word_1_88' title='bbox 851 972 1217 1023; x_wconf 88' lang='lat' dir='ltr'>longitudinalibus</span> <span class='ocrx_word' id='word_1_89' title='bbox 1250 973 1416 1011; x_wconf 84' lang='lat' dir='ltr'>evoluti.</span> <span class='ocrx_word' id='word_1_90' title='bbox 1476 972 1599 1009; x_wconf 81' lang='lat' dir='ltr'>Kera-</span> 
     </span>
     <span class='ocr_line' id='line_1_13' title="bbox 176 1039 1600 1092; baseline -0.001 -14"><span class='ocrx_word' id='word_1_91' title='bbox 176 1042 300 1078; x_wconf 61' lang='lat' dir='ltr'>midiae</span> <span class='ocrx_word' id='word_1_92' title='bbox 345 1044 465 1080; x_wconf 77' lang='lat' dir='ltr'>ovata</span> <span class='ocrx_word' id='word_1_93' title='bbox 506 1052 754 1092; x_wconf 87' lang='lat' dir='ltr'>compressa,</span> <span class='ocrx_word' id='word_1_94' title='bbox 785 1040 888 1078; x_wconf 80' lang='lat' dir='ltr'>intra</span> <span class='ocrx_word' id='word_1_95' title='bbox 922 1039 1193 1091; x_wconf 87' lang='lat' dir='ltr'>pericarpium</span> <span class='ocrx_word' id='word_1_96' title='bbox 1227 1040 1480 1085; x_wconf 87' lang='lat' dir='ltr'>cellulosum,</span> <span class='ocrx_word' id='word_1_97' title='bbox 1517 1052 1600 1077; x_wconf 88' lang='lat' dir='ltr'>car-</span> 
     </span>
     <span class='ocr_line' id='line_1_14' title="bbox 177 1106 1598 1160; baseline -0.004 -13"><span class='ocrx_word' id='word_1_98' title='bbox 177 1107 381 1160; x_wconf 84' lang='lat' dir='ltr'>postomio</span> <span class='ocrx_word' id='word_1_99' title='bbox 427 1110 626 1159; x_wconf 80' lang='lat' dir='ltr'>apertum,</span> <span class='ocrx_word' id='word_1_100' title='bbox 666 1106 887 1158; x_wconf 86' lang='lat' dir='ltr'>gemmidia</span> <span class='ocrx_word' id='word_1_101' title='bbox 919 1107 1155 1158; x_wconf 65' lang='lat' dir='ltr'>pyriformia</span> <span class='ocrx_word' id='word_1_102' title='bbox 1188 1107 1227 1145; x_wconf 90' lang='lat' dir='ltr'>in</span> <span class='ocrx_word' id='word_1_103' title='bbox 1261 1107 1430 1145; x_wconf 83' lang='lat' dir='ltr'>articulo</span> <span class='ocrx_word' id='word_1_104' title='bbox 1462 1106 1598 1144; x_wconf 86' lang='lat' dir='ltr'>termi-</span> 
     </span>
     <span class='ocr_line' id='line_1_15' title="bbox 178 1173 1601 1225; baseline -0.002 -13"><span class='ocrx_word' id='word_1_105' title='bbox 178 1173 261 1212; x_wconf 89' lang='lat' dir='ltr'>nali</span> <span class='ocrx_word' id='word_1_106' title='bbox 292 1173 468 1220; x_wconf 84' lang='lat' dir='ltr'>filorum,</span> <span class='ocrx_word' id='word_1_107' title='bbox 499 1186 522 1210; x_wconf 89' lang='lat' dir='ltr'>a</span> <span class='ocrx_word' id='word_1_108' title='bbox 551 1174 742 1225; x_wconf 86' lang='lat' dir='ltr'>placenta</span> <span class='ocrx_word' id='word_1_109' title='bbox 770 1173 941 1211; x_wconf 84' lang='lat' dir='ltr'>centrali</span> <span class='ocrx_word' id='word_1_110' title='bbox 967 1173 1224 1223; x_wconf 71' lang='lat' dir='ltr'>radiantium,</span> <span class='ocrx_word' id='word_1_111' title='bbox 1243 1173 1436 1212; x_wconf 86' lang='lat' dir='ltr'>foventia.</span> <span class='ocrx_word' id='word_1_112' title='bbox 1472 1173 1601 1220; x_wconf 57' lang='lat' dir='ltr'>Sphae-</span> 
     </span>
     <span class='ocr_line' id='line_1_16' title="bbox 176 1239 1372 1291; baseline 0 -13"><span class='ocrx_word' id='word_1_113' title='bbox 176 1252 343 1288; x_wconf 71' lang='lat' dir='ltr'>rosporcc</span> <span class='ocrx_word' id='word_1_114' title='bbox 372 1241 414 1278; x_wconf 89' lang='lat' dir='ltr'>in</span> <span class='ocrx_word' id='word_1_115' title='bbox 444 1240 664 1279; x_wconf 78' lang='lat' dir='ltr'>trabeculis</span> <span class='ocrx_word' id='word_1_116' title='bbox 695 1240 947 1285; x_wconf 69' lang='lat' dir='ltr'>subseriatae,</span> <span class='ocrx_word' id='word_1_117' title='bbox 982 1239 1184 1291; x_wconf 86' lang='lat' dir='ltr'>triangule</span> <span class='ocrx_word' id='word_1_118' title='bbox 1216 1240 1372 1278; x_wconf 77' lang='lat' dir='ltr'>divisae,</span> 
     </span>
    </p>
   </div>
   <div class='ocr_carea' id='block_1_4' title="bbox 69 1335 1609 2922">
    <p class='ocr_par' dir='ltr' id='par_1_4' title="bbox 69 1335 1609 2922">
     <span class='ocr_line' id='line_1_17' title="bbox 177 1335 1600 1387; baseline -0.003 -12"><span class='ocrx_word' id='word_1_119' title='bbox 177 1336 361 1376; x_wconf 87' lang='lat' dir='ltr'>Frondes</span> <span class='ocrx_word' id='word_1_120' title='bbox 393 1336 718 1375; x_wconf 69' lang='lat' dir='ltr'>membranacea}</span> <span class='ocrx_word' id='word_1_121' title='bbox 749 1335 882 1387; x_wconf 83' lang='lat' dir='ltr'>planae</span> <span class='ocrx_word' id='word_1_122' title='bbox 914 1335 1087 1381; x_wconf 78' lang='lat' dir='ltr'>aveniae,</span> <span class='ocrx_word' id='word_1_123' title='bbox 1113 1335 1298 1385; x_wconf 83' lang='lat' dir='ltr'>juniores</span> <span class='ocrx_word' id='word_1_124' title='bbox 1316 1335 1463 1387; x_wconf 80' lang='lat' dir='ltr'>saepius</span> <span class='ocrx_word' id='word_1_125' title='bbox 1480 1347 1600 1386; x_wconf 89' lang='lat' dir='ltr'>parce</span> 
     </span>
     <span class='ocr_line' id='line_1_18' title="bbox 70 1402 1599 1456; baseline -0.003 -13"><span class='ocrx_word' id='word_1_126' title='bbox 70 1403 453 1456; x_wconf 82' lang='lat' dir='ltr'>di-polychotomae‚</span> <span class='ocrx_word' id='word_1_127' title='bbox 506 1403 729 1454; x_wconf 73' lang='lat' dir='ltr'>segmentis</span> <span class='ocrx_word' id='word_1_128' title='bbox 781 1402 1004 1441; x_wconf 85' lang='lat' dir='ltr'>linearibus</span> <span class='ocrx_word' id='word_1_129' title='bbox 1052 1402 1384 1455; x_wconf 86' lang='lat' dir='ltr'>marginibusque</span> <span class='ocrx_word' id='word_1_130' title='bbox 1430 1402 1599 1453; x_wconf 86' lang='lat' dir='ltr'>integris</span> 
     </span>
     <span class='ocr_line' id='line_1_19' title="bbox 69 1468 1601 1521; baseline -0.003 -11"><span class='ocrx_word' id='word_1_131' title='bbox 69 1475 137 1510; x_wconf 87' lang='lat' dir='ltr'>aut</span> <span class='ocrx_word' id='word_1_132' title='bbox 167 1470 371 1509; x_wconf 88' lang='lat' dir='ltr'>undulatis</span> <span class='ocrx_word' id='word_1_133' title='bbox 402 1470 561 1516; x_wconf 77' lang='lat' dir='ltr'>cinctae,</span> <span class='ocrx_word' id='word_1_134' title='bbox 593 1481 701 1508; x_wconf 88' lang='lat' dir='ltr'>nunc</span> <span class='ocrx_word' id='word_1_135' title='bbox 731 1469 1036 1521; x_wconf 74' lang='lat' dir='ltr'>integi-iusculae</span> <span class='ocrx_word' id='word_1_136' title='bbox 1069 1473 1136 1507; x_wconf 87' lang='lat' dir='ltr'>aut</span> <span class='ocrx_word' id='word_1_137' title='bbox 1169 1470 1296 1520; x_wconf 84' lang='lat' dir='ltr'>magis</span> <span class='ocrx_word' id='word_1_138' title='bbox 1328 1481 1429 1520; x_wconf 83' lang='lat' dir='ltr'>vage</span> <span class='ocrx_word' id='word_1_139' title='bbox 1461 1468 1601 1506; x_wconf 86' lang='lat' dir='ltr'>lacini-</span> 
     </span>
     <span class='ocr_line' id='line_1_20' title="bbox 69 1535 1601 1589; baseline -0.004 -11"><span class='ocrx_word' id='word_1_140' title='bbox 69 1544 167 1589; x_wconf 84' lang='lat' dir='ltr'>atae;</span> <span class='ocrx_word' id='word_1_141' title='bbox 199 1538 435 1584; x_wconf 80' lang='lat' dir='ltr'>adultiores,</span> <span class='ocrx_word' id='word_1_142' title='bbox 468 1540 772 1589; x_wconf 89' lang='lat' dir='ltr'>segmentorum</span> <span class='ocrx_word' id='word_1_143' title='bbox 804 1536 1000 1575; x_wconf 86' lang='lat' dir='ltr'>inferiore</span> <span class='ocrx_word' id='word_1_144' title='bbox 1033 1540 1146 1588; x_wconf 87' lang='lat' dir='ltr'>parte</span> <span class='ocrx_word' id='word_1_145' title='bbox 1176 1550 1315 1588; x_wconf 86' lang='lat' dir='ltr'>parum</span> <span class='ocrx_word' id='word_1_146' title='bbox 1334 1535 1601 1579; x_wconf 78' lang='lat' dir='ltr'>increscente,</span> 
     </span>
     <span class='ocr_line' id='line_1_21' title="bbox 70 1601 1603 1658; baseline -0.003 -14"><span class='ocrx_word' id='word_1_147' title='bbox 70 1606 278 1658; x_wconf 86' lang='lat' dir='ltr'>superiore</span> <span class='ocrx_word' id='word_1_148' title='bbox 313 1604 551 1643; x_wconf 85' lang='lat' dir='ltr'>flabellatim</span> <span class='ocrx_word' id='word_1_149' title='bbox 583 1603 713 1655; x_wconf 87' lang='lat' dir='ltr'>magis</span> <span class='ocrx_word' id='word_1_150' title='bbox 752 1603 963 1655; x_wconf 79' lang='lat' dir='ltr'>magisque</span> <span class='ocrx_word' id='word_1_151' title='bbox 996 1616 1189 1655; x_wconf 80' lang='lat' dir='ltr'>expansa,</span> <span class='ocrx_word' id='word_1_152' title='bbox 1219 1603 1305 1641; x_wconf 80' lang='lat' dir='ltr'>fere</span> <span class='ocrx_word' id='word_1_153' title='bbox 1337 1607 1432 1641; x_wconf 78' lang='lat' dir='ltr'>totae</span> <span class='ocrx_word' id='word_1_154' title='bbox 1464 1601 1603 1639; x_wconf 86' lang='lat' dir='ltr'>flabel-</span> 
     </span>
     <span class='ocr_line' id='line_1_22' title="bbox 70 1668 1606 1725; baseline -0.004 -14"><span class='ocrx_word' id='word_1_155' title='bbox 70 1674 162 1712; x_wconf 84' lang='lat' dir='ltr'>latae</span> <span class='ocrx_word' id='word_1_156' title='bbox 193 1673 402 1725; x_wconf 74' lang='lat' dir='ltr'>adparent,</span> <span class='ocrx_word' id='word_1_157' title='bbox 451 1670 491 1709; x_wconf 90' lang='lat' dir='ltr'>in</span> <span class='ocrx_word' id='word_1_158' title='bbox 539 1670 706 1722; x_wconf 65' lang='lat' dir='ltr'>caespite</span> <span class='ocrx_word' id='word_1_159' title='bbox 752 1671 943 1709; x_wconf 68' lang='lat' dir='ltr'>rosulatae</span> <span class='ocrx_word' id='word_1_160' title='bbox 983 1674 1051 1708; x_wconf 87' lang='lat' dir='ltr'>aut</span> <span class='ocrx_word' id='word_1_161' title='bbox 1082 1670 1188 1709; x_wconf 90' lang='lat' dir='ltr'>lobis</span> <span class='ocrx_word' id='word_1_162' title='bbox 1219 1668 1484 1722; x_wconf 83' lang='lat' dir='ltr'>superpositis</span> <span class='ocrx_word' id='word_1_163' title='bbox 1517 1668 1606 1719; x_wconf 88' lang='lat' dir='ltr'>plus</span> 
     </span>
     <span class='ocr_line' id='line_1_23' title="bbox 72 1736 1605 1788; baseline -0.005 -10"><span class='ocrx_word' id='word_1_164' title='bbox 72 1741 202 1779; x_wconf 90' lang='lat' dir='ltr'>minus</span> <span class='ocrx_word' id='word_1_165' title='bbox 249 1739 476 1778; x_wconf 76' lang='lat' dir='ltr'>imbricatae</span> <span class='ocrx_word' id='word_1_166' title='bbox 523 1737 774 1785; x_wconf 83' lang='lat' dir='ltr'>(differentia</span> <span class='ocrx_word' id='word_1_167' title='bbox 821 1737 995 1788; x_wconf 80' lang='lat' dir='ltr'>quadam</span> <span class='ocrx_word' id='word_1_168' title='bbox 1042 1737 1148 1775; x_wconf 88' lang='lat' dir='ltr'>inter</span> <span class='ocrx_word' id='word_1_169' title='bbox 1191 1736 1426 1775; x_wconf 84' lang='lat' dir='ltr'>inferiorem</span> <span class='ocrx_word' id='word_1_170' title='bbox 1473 1739 1512 1772; x_wconf 84' lang='lat' dir='ltr'>et</span> <span class='ocrx_word' id='word_1_171' title='bbox 1543 1748 1605 1772; x_wconf 87' lang='lat' dir='ltr'>su-</span> 
     </span>
     <span class='ocr_line' id='line_1_24' title="bbox 71 1802 1606 1860; baseline -0.005 -15"><span class='ocrx_word' id='word_1_172' title='bbox 71 1807 273 1860; x_wconf 89' lang='lat' dir='ltr'>periorem</span> <span class='ocrx_word' id='word_1_173' title='bbox 305 1805 511 1858; x_wconf 87' lang='lat' dir='ltr'>paginam,</span> <span class='ocrx_word' id='word_1_174' title='bbox 543 1813 587 1843; x_wconf 88' lang='lat' dir='ltr'>ut-</span> <span class='ocrx_word' id='word_1_175' title='bbox 615 1805 790 1851; x_wconf 86' lang='lat' dir='ltr'>videtur,</span> <span class='ocrx_word' id='word_1_176' title='bbox 822 1804 987 1847; x_wconf 46' lang='lat' dir='ltr'>factate.</span> <span class='ocrx_word' id='word_1_177' title='bbox 1037 1804 1257 1855; x_wconf 81' lang='lat' dir='ltr'>Segmenta</span> <span class='ocrx_word' id='word_1_178' title='bbox 1281 1802 1476 1841; x_wconf 90' lang='lat' dir='ltr'>inferiore</span> <span class='ocrx_word' id='word_1_179' title='bbox 1493 1804 1606 1852; x_wconf 87' lang='lat' dir='ltr'>parte</span> 
     </span>
     <span class='ocr_line' id='line_1_25' title="bbox 75 1867 1605 1925; baseline -0.005 -13"><span class='ocrx_word' id='word_1_180' title='bbox 75 1873 265 1925; x_wconf 85' lang='lat' dir='ltr'>contigua</span> <span class='ocrx_word' id='word_1_181' title='bbox 311 1871 709 1911; x_wconf 80' lang='lat' dir='ltr'>areolato-cellulosa</span> <span class='ocrx_word' id='word_1_182' title='bbox 757 1871 916 1916; x_wconf 59' lang='lat' dir='ltr'>avenni,</span> <span class='ocrx_word' id='word_1_183' title='bbox 956 1871 1104 1922; x_wconf 85' lang='lat' dir='ltr'>pagina</span> <span class='ocrx_word' id='word_1_184' title='bbox 1136 1882 1283 1921; x_wconf 88' lang='lat' dir='ltr'>nempe</span> <span class='ocrx_word' id='word_1_185' title='bbox 1316 1869 1483 1907; x_wconf 73' lang='lat' dir='ltr'>cellulas</span> <span class='ocrx_word' id='word_1_186' title='bbox 1515 1867 1605 1905; x_wconf 90' lang='lat' dir='ltr'>sub-</span> 
     </span>
     <span class='ocr_line' id='line_1_26' title="bbox 72 1933 1605 1991; baseline -0.005 -13"><span class='ocrx_word' id='word_1_187' title='bbox 72 1938 537 1991; x_wconf 84' lang='lat' dir='ltr'>hexagono-angulatas,</span> <span class='ocrx_word' id='word_1_188' title='bbox 584 1950 808 1989; x_wconf 88' lang='lat' dir='ltr'>omnesquc</span> <span class='ocrx_word' id='word_1_189' title='bbox 855 1937 1176 1983; x_wconf 86' lang='lat' dir='ltr'>subconformes,</span> <span class='ocrx_word' id='word_1_190' title='bbox 1215 1936 1362 1988; x_wconf 57' lang='lat' dir='ltr'>saepius</span> <span class='ocrx_word' id='word_1_191' title='bbox 1393 1947 1495 1986; x_wconf 88' lang='lat' dir='ltr'>vage</span> <span class='ocrx_word' id='word_1_192' title='bbox 1527 1933 1605 1972; x_wconf 88' lang='lat' dir='ltr'>dis-</span> 
     </span>
     <span class='ocr_line' id='line_1_27' title="bbox 72 2001 1607 2059; baseline -0.005 -14"><span class='ocrx_word' id='word_1_193' title='bbox 72 2006 236 2059; x_wconf 60' lang='lat' dir='ltr'>positam,</span> <span class='ocrx_word' id='word_1_194' title='bbox 282 2018 390 2044; x_wconf 85' lang='lat' dir='ltr'>nunc</span> <span class='ocrx_word' id='word_1_195' title='bbox 429 2004 784 2057; x_wconf 88' lang='lat' dir='ltr'>longitudinaliter</span> <span class='ocrx_word' id='word_1_196' title='bbox 815 2004 1074 2050; x_wconf 80' lang='lat' dir='ltr'>subseri-atas,</span> <span class='ocrx_word' id='word_1_197' title='bbox 1106 2004 1296 2043; x_wconf 88' lang='lat' dir='ltr'>continua</span> <span class='ocrx_word' id='word_1_198' title='bbox 1329 2001 1607 2041; x_wconf 78' lang='lat' dir='ltr'>subdivisione</span> 
     </span>
     <span class='ocr_line' id='line_1_28' title="bbox 72 2068 1605 2124; baseline -0.005 -13"><span class='ocrx_word' id='word_1_199' title='bbox 72 2073 139 2111; x_wconf 88' lang='lat' dir='ltr'>hic</span> <span class='ocrx_word' id='word_1_200' title='bbox 170 2072 256 2111; x_wconf 89' lang='lat' dir='ltr'>illic</span> <span class='ocrx_word' id='word_1_201' title='bbox 292 2072 531 2124; x_wconf 83' lang='lat' dir='ltr'>geminatas,</span> <span class='ocrx_word' id='word_1_202' title='bbox 563 2075 837 2121; x_wconf 70' lang='lat' dir='ltr'>monstrante3</span> <span class='ocrx_word' id='word_1_203' title='bbox 869 2071 1081 2124; x_wconf 87' lang='lat' dir='ltr'>superiore</span> <span class='ocrx_word' id='word_1_204' title='bbox 1113 2075 1226 2123; x_wconf 89' lang='lat' dir='ltr'>parte</span> <span class='ocrx_word' id='word_1_205' title='bbox 1257 2071 1361 2108; x_wconf 87' lang='lat' dir='ltr'>intra</span> <span class='ocrx_word' id='word_1_206' title='bbox 1383 2068 1605 2119; x_wconf 76' lang='lat' dir='ltr'>marginem</span> 
     </span>
     <span class='ocr_line' id='line_1_29' title="bbox 74 2132 1603 2191; baseline -0.006 -13"><span class='ocrx_word' id='word_1_207' title='bbox 74 2140 349 2191; x_wconf 83' lang='lat' dir='ltr'>angustiorem</span> <span class='ocrx_word' id='word_1_208' title='bbox 382 2138 621 2178; x_wconf 83' lang='lat' dir='ltr'>flabellatim</span> <span class='ocrx_word' id='word_1_209' title='bbox 652 2138 887 2184; x_wconf 79' lang='lat' dir='ltr'>fenestrata,</span> <span class='ocrx_word' id='word_1_210' title='bbox 906 2138 1084 2176; x_wconf 83' lang='lat' dir='ltr'>fenestra</span> <span class='ocrx_word' id='word_1_211' title='bbox 1115 2142 1183 2176; x_wconf 88' lang='lat' dir='ltr'>aut</span> <span class='ocrx_word' id='word_1_212' title='bbox 1216 2137 1372 2188; x_wconf 90' lang='lat' dir='ltr'>singula</span> <span class='ocrx_word' id='word_1_213' title='bbox 1393 2132 1603 2185; x_wconf 82' lang='lat' dir='ltr'>marginali</span> 
     </span>
     <span class='ocr_line' id='line_1_30' title="bbox 76 2198 1605 2257; baseline -0.006 -13"><span class='ocrx_word' id='word_1_214' title='bbox 76 2208 364 2257; x_wconf 53' lang='lat' dir='ltr'>(Heme-ewa),</span> <span class='ocrx_word' id='word_1_215' title='bbox 395 2210 463 2244; x_wconf 85' lang='lat' dir='ltr'>aut</span> <span class='ocrx_word' id='word_1_216' title='bbox 492 2205 677 2257; x_wconf 89' lang='lat' dir='ltr'>margine</span> <span class='ocrx_word' id='word_1_217' title='bbox 709 2205 748 2243; x_wconf 89' lang='lat' dir='ltr'>in</span> <span class='ocrx_word' id='word_1_218' title='bbox 785 2205 902 2245; x_wconf 87' lang='lat' dir='ltr'>lobos</span> <span class='ocrx_word' id='word_1_219' title='bbox 935 2218 1023 2243; x_wconf 87' lang='lat' dir='ltr'>cum</span> <span class='ocrx_word' id='word_1_220' title='bbox 1060 2204 1204 2242; x_wconf 84' lang='lat' dir='ltr'>fronde</span> <span class='ocrx_word' id='word_1_221' title='bbox 1235 2202 1425 2254; x_wconf 85' lang='lat' dir='ltr'>primaria</span> <span class='ocrx_word' id='word_1_222' title='bbox 1458 2198 1605 2237; x_wconf 88' lang='lat' dir='ltr'>sensim</span> 
     </span>
     <span class='ocr_line' id='line_1_31' title="bbox 75 2264 1605 2314; baseline -0.007 -3"><span class='ocrx_word' id='word_1_223' title='bbox 75 2273 325 2313; x_wconf 87' lang='lat' dir='ltr'>confluentes</span> <span class='ocrx_word' id='word_1_224' title='bbox 370 2276 411 2310; x_wconf 88' lang='lat' dir='ltr'>et</span> <span class='ocrx_word' id='word_1_225' title='bbox 448 2285 519 2311; x_wconf 89' lang='lat' dir='ltr'>suo</span> <span class='ocrx_word' id='word_1_226' title='bbox 564 2271 707 2311; x_wconf 87' lang='lat' dir='ltr'>ordine</span> <span class='ocrx_word' id='word_1_227' title='bbox 740 2272 982 2310; x_wconf 85' lang='lat' dir='ltr'>fenestratos</span> <span class='ocrx_word' id='word_1_228' title='bbox 1021 2273 1300 2314; x_wconf 80' lang='lat' dir='ltr'>excrescente,</span> <span class='ocrx_word' id='word_1_229' title='bbox 1334 2268 1444 2306; x_wconf 83' lang='lat' dir='ltr'>zonis</span> <span class='ocrx_word' id='word_1_230' title='bbox 1479 2264 1605 2304; x_wconf 79' lang='lat' dir='ltr'>conti-</span> 
     </span>
     <span class='ocr_line' id='line_1_32' title="bbox 75 2332 1605 2392; baseline -0.008 -13"><span class='ocrx_word' id='word_1_231' title='bbox 75 2340 162 2392; x_wconf 85' lang='lat' dir='ltr'>guis</span> <span class='ocrx_word' id='word_1_232' title='bbox 208 2344 247 2378; x_wconf 82' lang='lat' dir='ltr'>et</span> <span class='ocrx_word' id='word_1_233' title='bbox 293 2339 523 2377; x_wconf 85' lang='lat' dir='ltr'>fenestratis</span> <span class='ocrx_word' id='word_1_234' title='bbox 556 2338 850 2377; x_wconf 81' lang='lat' dir='ltr'>alternantibus</span> <span class='ocrx_word' id='word_1_235' title='bbox 884 2337 1108 2388; x_wconf 79' lang='lat' dir='ltr'>composita</span> <span class='ocrx_word' id='word_1_236' title='bbox 1140 2336 1417 2384; x_wconf 62' lang='lat' dir='ltr'>(DIesoffrema).</span> <span class='ocrx_word' id='word_1_237' title='bbox 1475 2332 1605 2369; x_wconf 88' lang='lat' dir='ltr'>Fene-</span> 
     </span>
     <span class='ocr_line' id='line_1_33' title="bbox 76 2397 1604 2458; baseline -0.009 -13"><span class='ocrx_word' id='word_1_238' title='bbox 76 2410 196 2445; x_wconf 86' lang='lat' dir='ltr'>strata</span> <span class='ocrx_word' id='word_1_239' title='bbox 241 2419 332 2458; x_wconf 87' lang='lat' dir='ltr'>pars</span> <span class='ocrx_word' id='word_1_240' title='bbox 371 2405 478 2457; x_wconf 87' lang='lat' dir='ltr'>gerit</span> <span class='ocrx_word' id='word_1_241' title='bbox 506 2405 736 2444; x_wconf 86' lang='lat' dir='ltr'>trabeculas</span> <span class='ocrx_word' id='word_1_242' title='bbox 768 2403 1089 2455; x_wconf 84' lang='lat' dir='ltr'>longitudinales</span> <span class='ocrx_word' id='word_1_243' title='bbox 1122 2400 1356 2440; x_wconf 80' lang='lat' dir='ltr'>flabellatim</span> <span class='ocrx_word' id='word_1_244' title='bbox 1388 2397 1604 2435; x_wconf 80' lang='lat' dir='ltr'>radiantes-</span> 
     </span>
     <span class='ocr_line' id='line_1_34' title="bbox 81 2462 1606 2523; baseline -0.01 -11"><span class='ocrx_word' id='word_1_245' title='bbox 81 2478 121 2511; x_wconf 85' lang='lat' dir='ltr'>et</span> <span class='ocrx_word' id='word_1_246' title='bbox 153 2473 458 2518; x_wconf 87' lang='lat' dir='ltr'>transversales,</span> <span class='ocrx_word' id='word_1_247' title='bbox 489 2485 579 2523; x_wconf 84' lang='lat' dir='ltr'>quae</span> <span class='ocrx_word' id='word_1_248' title='bbox 612 2484 733 2511; x_wconf 86' lang='lat' dir='ltr'>zonas</span> <span class='ocrx_word' id='word_1_249' title='bbox 772 2470 1065 2515; x_wconf 87' lang='lat' dir='ltr'>concentricas,</span> <span class='ocrx_word' id='word_1_250' title='bbox 1097 2479 1203 2506; x_wconf 87' lang='lat' dir='ltr'>nunc</span> <span class='ocrx_word' id='word_1_251' title='bbox 1234 2471 1272 2504; x_wconf 91' lang='lat' dir='ltr'>et</span> <span class='ocrx_word' id='word_1_252' title='bbox 1303 2464 1419 2502; x_wconf 88' lang='lat' dir='ltr'>initio</span> <span class='ocrx_word' id='word_1_253' title='bbox 1451 2462 1606 2500; x_wconf 90' lang='lat' dir='ltr'>sub-re-</span> 
     </span>
     <span class='ocr_line' id='line_1_35' title="bbox 83 2527 1608 2591; baseline -0.011 -12"><span class='ocrx_word' id='word_1_254' title='bbox 83 2540 256 2591; x_wconf 83' lang='lat' dir='ltr'>gulares,</span> <span class='ocrx_word' id='word_1_255' title='bbox 300 2552 407 2578; x_wconf 89' lang='lat' dir='ltr'>nunc</span> <span class='ocrx_word' id='word_1_256' title='bbox 451 2544 491 2578; x_wconf 86' lang='lat' dir='ltr'>et</span> <span class='ocrx_word' id='word_1_257' title='bbox 536 2539 696 2578; x_wconf 88' lang='lat' dir='ltr'>demum</span> <span class='ocrx_word' id='word_1_258' title='bbox 744 2538 967 2588; x_wconf 84' lang='lat' dir='ltr'>interjectis</span> <span class='ocrx_word' id='word_1_259' title='bbox 1013 2533 1229 2574; x_wconf 84' lang='lat' dir='ltr'>trabeculis</span> <span class='ocrx_word' id='word_1_260' title='bbox 1275 2527 1510 2568; x_wconf 86' lang='lat' dir='ltr'>accessoriis</span> <span class='ocrx_word' id='word_1_261' title='bbox 1548 2531 1608 2564; x_wconf 85' lang='lat' dir='ltr'>sat</span> 
     </span>
     <span class='ocr_line' id='line_1_36' title="bbox 77 2592 1605 2658; baseline -0.01 -13"><span class='ocrx_word' id='word_1_262' title='bbox 77 2605 319 2658; x_wconf 87' lang='lat' dir='ltr'>irregulares</span> <span class='ocrx_word' id='word_1_263' title='bbox 363 2606 558 2645; x_wconf 85' lang='lat' dir='ltr'>efficiunt.</span> <span class='ocrx_word' id='word_1_264' title='bbox 619 2605 794 2653; x_wconf 73' lang='lat' dir='ltr'>Aoeolae,</span> <span class='ocrx_word' id='word_1_265' title='bbox 825 2602 1043 2643; x_wconf 84' lang='lat' dir='ltr'>trabeculis</span> <span class='ocrx_word' id='word_1_266' title='bbox 1074 2599 1312 2648; x_wconf 77' lang='lat' dir='ltr'>interjectae,</span> <span class='ocrx_word' id='word_1_267' title='bbox 1345 2598 1436 2632; x_wconf 90' lang='lat' dir='ltr'>sunt</span> <span class='ocrx_word' id='word_1_268' title='bbox 1465 2592 1605 2630; x_wconf 89' lang='lat' dir='ltr'>inferi-</span> 
     </span>
     <span class='ocr_line' id='line_1_37' title="bbox 79 2659 1607 2724; baseline -0.01 -14"><span class='ocrx_word' id='word_1_269' title='bbox 79 2684 167 2710; x_wconf 88' lang='lat' dir='ltr'>ores</span> <span class='ocrx_word' id='word_1_270' title='bbox 199 2672 469 2724; x_wconf 85' lang='lat' dir='ltr'>angustiores,</span> <span class='ocrx_word' id='word_1_271' title='bbox 501 2672 733 2723; x_wconf 84' lang='lat' dir='ltr'>superiores</span> <span class='ocrx_word' id='word_1_272' title='bbox 764 2671 942 2714; x_wconf 86' lang='lat' dir='ltr'>latiores,</span> <span class='ocrx_word' id='word_1_273' title='bbox 975 2671 1163 2706; x_wconf 84' lang='lat' dir='ltr'>caeterum</span> <span class='ocrx_word' id='word_1_274' title='bbox 1196 2665 1235 2701; x_wconf 88' lang='lat' dir='ltr'>in</span> <span class='ocrx_word' id='word_1_275' title='bbox 1264 2660 1434 2700; x_wconf 89' lang='lat' dir='ltr'>diversis</span> <span class='ocrx_word' id='word_1_276' title='bbox 1452 2659 1607 2711; x_wconf 84' lang='lat' dir='ltr'>specie-</span> 
     </span>
     <span class='ocr_line' id='line_1_38' title="bbox 78 2725 1606 2790; baseline -0.009 -14"><span class='ocrx_word' id='word_1_277' title='bbox 78 2738 152 2777; x_wconf 87' lang='lat' dir='ltr'>bus</span> <span class='ocrx_word' id='word_1_278' title='bbox 198 2743 238 2777; x_wconf 88' lang='lat' dir='ltr'>et</span> <span class='ocrx_word' id='word_1_279' title='bbox 282 2752 353 2790; x_wconf 91' lang='lat' dir='ltr'>pro</span> <span class='ocrx_word' id='word_1_280' title='bbox 393 2742 512 2778; x_wconf 85' lang='lat' dir='ltr'>aetate</span> <span class='ocrx_word' id='word_1_281' title='bbox 544 2738 675 2777; x_wconf 86' lang='lat' dir='ltr'>forma</span> <span class='ocrx_word' id='word_1_282' title='bbox 707 2737 922 2781; x_wconf 83' lang='lat' dir='ltr'>variantes,</span> <span class='ocrx_word' id='word_1_283' title='bbox 954 2735 993 2772; x_wconf 89' lang='lat' dir='ltr'>in</span> <span class='ocrx_word' id='word_1_284' title='bbox 1027 2731 1153 2771; x_wconf 86' lang='lat' dir='ltr'>sterili</span> <span class='ocrx_word' id='word_1_285' title='bbox 1185 2727 1332 2767; x_wconf 87' lang='lat' dir='ltr'>sensim</span> <span class='ocrx_word' id='word_1_286' title='bbox 1368 2729 1533 2777; x_wconf 61' lang='lat' dir='ltr'>apertas,</span> <span class='ocrx_word' id='word_1_287' title='bbox 1566 2725 1606 2762; x_wconf 89' lang='lat' dir='ltr'>in</span> 
     </span>
     <span class='ocr_line' id='line_1_39' title="bbox 82 2791 1609 2857; baseline -0.009 -16"><span class='ocrx_word' id='word_1_288' title='bbox 82 2805 442 2857; x_wconf 84' lang='lat' dir='ltr'>sphaerosporifera</span> <span class='ocrx_word' id='word_1_289' title='bbox 472 2804 612 2856; x_wconf 88' lang='lat' dir='ltr'>planta</span> <span class='ocrx_word' id='word_1_290' title='bbox 642 2815 751 2855; x_wconf 85' lang='lat' dir='ltr'>saepe</span> <span class='ocrx_word' id='word_1_291' title='bbox 782 2815 931 2847; x_wconf 72' lang='lat' dir='ltr'>coccae,</span> <span class='ocrx_word' id='word_1_292' title='bbox 964 2798 1197 2837; x_wconf 83' lang='lat' dir='ltr'>membrana</span> <span class='ocrx_word' id='word_1_293' title='bbox 1216 2804 1363 2844; x_wconf 90' lang='lat' dir='ltr'>nempe</span> <span class='ocrx_word' id='word_1_294' title='bbox 1382 2791 1609 2830; x_wconf 84' lang='lat' dir='ltr'>trabeculas</span> 
     </span>
     <span class='ocr_line' id='line_1_40' title="bbox 81 2870 548 2922; baseline 0 -14"><span class='ocrx_word' id='word_1_295' title='bbox 81 2871 353 2922; x_wconf 85' lang='lat' dir='ltr'>conjungente</span> <span class='ocrx_word' id='word_1_296' title='bbox 385 2870 548 2909; x_wconf 80' lang='lat' dir='ltr'>elausae.</span> 
     </span>
    </p>
   </div>
  </div>
 </body>
</html>
