1728 3110
56 122 222 179 Dasya.
667 119 950 163 Rnonmmfflffi.
1452 123 1470 163 1
1485 123 1538 164 19
1548 123 1570 165 5

58 252 263 285 secundnm
291 251 432 284 alterne
462 253 497 282 et
525 250 682 282 distiche
710 255 898 288 exeuntes,
930 253 1008 285 basi
1035 253 1298 297 polysiphonii,
1331 263 1419 286 mox
1447 263 1576 286 mono·

59 309 220 353 siphonii
259 310 477 342 ‹lensiSsime
516 308 954 351 ‹lichotoum-rmnellosi,
991 312 1155 345 ramellis
1181 313 1255 344 fere
1282 312 1577 346 horizontalibus

59 368 381 401 divaricatissimis
408 367 687 399 subrecurvatis
714 378 733 399 a
758 368 838 400 basi
864 368 974 411 longe
1000 372 1219 404 acuminatis
1245 373 1369 411 acutis,
1396 371 1578 415 geniculis

60 427 330 459 subcontractis
357 426 555 466 articulati,
581 426 749 458 articulis
786 427 967 460 diametro
1007 430 1068 461 vix
1096 430 1487 473 sesqui-longioribus.
1536 431 1579 464 In

59 485 213 517 ramulis
241 484 415 517 stichidia
443 485 680 528 proveniunt,
709 485 752 517 a‹l
783 488 923 528 partem
953 486 1165 519 inferiorem
1181 487 1492 531 oligosiphoniam
1507 498 1581 521 ses-

61 544 153 583 silia,
179 543 409 587 ramulis-que
436 544 677 575 circumcirca
717 544 862 586 stipata,
899 544 1099 577 admodum
1127 546 1277 586 minuta,
1308 546 1490 579 diametro
1516 548 1579 578 vix

61 603 176 646 duplo
204 603 385 645 longiora,
406 601 589 644 juvenilia
617 603 735 644 inagis
769 606 889 643 ovata,
923 602 1111 635 adultiora
1136 603 1297 646 oblonga
1322 605 1490 637 acumine
1516 604 1581 637 ob-

62 666 145 695 tuso
180 665 360 705 superata,
387 661 573 704 duplicem
603 660 732 693 saltem
774 660 1120 704 sphzerosl‘lorarum
1158 664 1290 694 seriem
1318 663 1426 696 oculo
1453 663 1582 695 adver-

62 721 189 752 tentia.
239 719 365 753 Caulis
394 724 505 759 totus,
532 722 712 762 quantum
742 719 860 758 video,
889 719 1118 759 articulatus,
1158 722 1318 753 sectione
1346 721 1583 754 transversali

63 779 239 824 siphones
266 781 412 813 circiter
438 780 481 812 11
508 781 728 812 ecorticatos
767 781 864 812 circa
903 779 1104 812 centralem
1144 781 1233 823 ipsis
1272 774 1583 822 111ajorem'mon-

64 842 206 882 strans3
233 839 382 872 articuli
409 840 503 871 rami
531 838 695 881 cujusvis
734 842 819 871 sunt
855 838 963 879 juxta
999 839 1126 871 basem
1159 839 1342 872 diametro
1368 841 1442 872 sere
1470 840 1583 884 duplo

63 897 264 938 breviores,
290 898 501 941 superiores
528 897 753 929 diametrum
781 900 927 939 affluant
953 900 1018 929 aut
1044 896 1232 940 paulisper
1261 897 1494 939 longitudine
1522 908 1584 930 ex-

66 962 252 1001 superant.
302 958 414 991 Color
440 958 574 1001 planta*
596 957 774 999 juvenilis
809 959 1009 993 coccineus.
1047 958 1244 990 adultioris
1271 962 1306 990 et
1333 960 1449 1001 magis
1476 969 1584 1002 spon-

67 1018 191 1059 gioszr,
217 1018 316 1049 intra
342 1016 583 1050 ramellorum
607 1016 870 1048 creberrimam
901 1017 1111 1059 congeriem
1139 1016 1259 1049 sabuli
1286 1027 1399 1059 grana
1425 1017 1585 1060 plurima

65 1076 312 1116 recondentis,
339 1075 549 1119 sordidior·7
577 1075 645 1108 sub
684 1076 932 1118 miei-oscopio
971 1075 1115 1107 ramelli
1154 1086 1259 1108 roseo
1286 1078 1320 1107 et
1347 1074 1497 1118 hyalino
1524 1086 1584 1107 va-

66 1135 212 1177 riegati.
263 1134 479 1167 Substantia
505 1134 640 1178 planta·
667 1133 868 1166 adultioris
896 1135 1104 1177 spongiosa.

159 1193 306 1235 Species
333 1192 624 1231 distinctissima,
652 1203 672 1224 a
694 1193 841 1235 Harvey
870 1193 1020 1225 nomine
1047 1193 1239 1232 instructa,
1265 1193 1366 1236 quod
1393 1195 1583 1225 externam

68 1260 151 1282 cum
179 1251 394 1293 Wrangelia
420 1251 586 1283 velutina
614 1250 899 1283 similitudinem
926 1261 1108 1283 summam
1137 1251 1341 1283 denotaret.
1375 1251 1474 1283 Inter
1500 1261 1585 1284 con-

68 1319 223 1351 generes
250 1310 292 1343 D.
321 1309 617 1353 struthiopennae
656 1314 691 1342 et
718 1310 762 1342 1).
790 1310 913 1342 Hasfiw
954 1310 1074 1342 forsan
1114 1310 1349 1352 potissimum
1387 1309 1586 1353 adpropin-

70 1370 218 1411 quatur.
268 1367 337 1400 Illa
363 1368 571 1410 elegantior
597 1372 632 1400 et
658 1368 791 1401 elatior
823 1369 1014 1411 magisque
1043 1367 1313 1410 decompositag
1353 1366 1427 1399 haec
1455 1367 1587 1400 elatior

69 1428 106 1457 et
131 1425 251 1459 adhue
279 1427 396 1468 magis
436 1427 878 1470 spongioso-squarrosa·.
917 1429 1070 1469 utraque
1112 1425 1253 1458 fronde·
1274 1424 1383 1468 longe
1411 1426 1587 1458 corticata

69 1483 216 1516 facilius
243 1484 430 1517 distincta.

162 1542 309 1585 Hal-vey
337 1543 541 1576 keramidia
568 1544 690 1586 pinxit
716 1543 750 1575 in
779 1553 882 1575 ramo
910 1542 1060 1583 sessilia,
1094 1543 1249 1585 globosa
1274 1546 1310 1575 at
1336 1543 1586 1585 carpostomio

70 1601 107 1633 in
134 1604 299 1634 rostrum
325 1602 602 1644 cylindraeeum
629 1601 739 1644 longe
769 1601 949 1644 producto
976 1604 1157 1644 superata,
1190 1601 1311 1634 nuclei
1339 1601 1408 1634 filis
1440 1600 1588 1634 monili-

73 1658 256 1692 i'ormibus
282 1661 484 1703 gemmidia
509 1662 641 1693 seriata
668 1660 893 1693 foventibus.
928 1659 1119 1702 Ejusmodi
1147 1663 1335 1692 structura
1363 1659 1483 1692 nuclei
1510 1669 1588 1691 om-

73 1718 159 1750 nino
186 1719 282 1750 inter
308 1718 578 1752 Rhodomeleas
604 1719 814 1762 abnormis·7
842 1719 1043 1761 specimina
1069 1722 1193 1751 nostra
1220 1722 1306 1751 sunt
1327 1719 1451 1751 onmia
1464 1716 1589 1750 stichi-

72 1776 214 1818 dusera,
240 1779 291 1811 ita
317 1783 355 1810 nt
381 1779 424 1811 de
452 1782 641 1811 structura
668 1778 787 1811 nuclei
815 1778 907 1810 nihil
935 1778 1070 1811 addere
1098 1779 1296 1821 potuerim.

76 1891 140 1931 15.
170 1892 218 1932 D.
249 1905 586 1931 sTRnTffloPENNA
624 1893 676 1941 (J.
714 1892 788 1940 Ay.
817 1895 943 1937 mser.)
987 1891 1130 1931 fronde
1160 1904 1182 1929 a
1213 1891 1328 1928 caule
1371 1890 1589 1928 incrassato

183 1963 348 2010 stuposo
387 1959 576 2010 elongata
620 1971 864 2011 compressa,
909 1958 1389 2011 decomposito-pinnata‚
1419 1957 1503 1995 fere
1542 1956 1590 1994 ad

188 2026 324 2078 apices
355 2026 547 2065 corticata
578 2026 770 2073 areolata,
815 2026 950 2079 pinnis
994 2025 1145 2064 infimis
1188 2025 1288 2063 rami
1319 2023 1492 2075 cujusvis
1523 2022 1590 2061 ab·

187 2094 379 2132 breviatis
422 2095 670 2146 glome1·atiS‚
715 2095 860 2134 mediis
904 2093 1155 2145 longioribus
1187 2106 1209 2131 a
1241 2092 1325 2131 basi
1356 2091 1406 2130 ad
1435 2089 1590 2142 apicem

185 2161 650 2211 ramuloso-squarrosis‚
681 2162 846 2200 ramulis
877 2161 925 2199 ad
968 2160 1199 2212 geniculum
1230 2159 1419 2209 quodque
1449 2169 1590 2195 secun-

187 2228 280 2266 dum
313 2228 561 2267 subdistiche
607 2229 852 2268 exeuntibus
897 2228 1137 2267 densissime
1181 2224 1423 2265 dichotomis
1459 2224 1498 2262 in
1529 2236 1590 2261 ra-

189 2295 332 2334 mellos
364 2295 818 2335 divaricato-intricatos
849 2294 1182 2346 monosiphonios
1220 2291 1473 2337 abeuntibus,
1510 2289 1590 2328 fru-

190 2363 320 2402 ctibus
355 2391 364 2400 .
394 2391 403 2401 .
436 2392 445 2401 .
463 2391 472 2408 ‚
490 2363 670 2402 articulis
701 2363 913 2415 pinnarum
932 2361 1082 2401 ultimis
1100 2360 1295 2399 diametro
1313 2356 1590 2408 sesqui-duplo

188 2430 453 2481 longioribus.

175 2510 296 2551 Dasya
321 2509 530 2552 plumigera
555 2506 674 2541 Ηανυ.
701 2508 832 2542 Austr.
860 2506 940 2549 Alf).
966 2514 1024 2538 wo
1050 2505 1116 2537 208
1145 2503 1334 2546 (partimss

190 2577 292 2616 Hah.
324 2577 364 2615 in
396 2589 548 2616 oceano
579 2577 743 2616 australi
775 2578 825 2616 ad
855 2576 963 2626 King
994 2574 1174 2623 Georges
1200 2570 1338 2609 Sound
1358 2569 1591 2619 (Hal'Vey!)·

175 2656 341 2690 Frondes
367 2666 388 2688 a
418 2655 521 2688 caule
561 2656 823 2699 semipollicari
866 2655 996 2687 leviter
1034 2652 1235 2684 incrassato
1272 2648 1591 2690 hirsuto-stuposo

86 2715 221 2759 plures,
259 2713 443 2757 simplices
480 2715 604 2746 autin
636 2725 759 2748 ramos
796 2711 996 2747 nonnullos
1033 2707 1253 2751 principales
1292 2704 1593 2745 subdichotmnae,

85 2772 228 2805 ambitu
255 2771 380 2805 ovales
406 2774 469 2804 aut
494 2771 821 2813 lanceolatae‚3-6
846 2770 1052 2815 pollicares,
1078 2764 1212 2807 1¹l2-3
1236 2763 1390 2807 pollices
1416 2762 1509 2802 latae,
1528 2773 1594 2806 per

87 2833 203 2863 totam
229 2829 504 2873 longitudinem
529 2829 671 2862 alterne
698 2831 870 2874 pinnatae,
896 2827 1028 2871 pinnis,
1052 2825 1089 2857 ni
1116 2822 1234 2861 fallor,
1261 2819 1511 2859 subdistichis,
1538 2822 1593 2853 in-

86 2887 286 2921 ferioribus
312 2888 406 2920 rami
433 2887 594 2930 cujusvis
619 2887 805 2929 brevibus,
823 2886 964 2920 ambitu
980 2881 1157 2921 rotundis,
1182 2878 1401 2912 fruticulum
1422 2880 1594 2912 minutis-

1431 2936 1492 2969 77*
