1728 3110
168 93 180 132 1
195 95 218 133 0
229 93 252 133 8
261 92 285 132 Ο
782 89 1064 133 RflononELEAE.
1397 95 1675 150 Dictgmnenia.

158 222 278 264 pinnee
305 220 393 252 1—‘2
420 222 537 254 lineas
563 222 657 260 latae,
683 219 773 252 3-4
800 221 1008 264 pollicares,
1046 221 1121 253 fere
1158 232 1224 265 per
1264 224 1378 255 totam
1406 221 1679 264 longitudinem

160 279 368 323 pinnulam,
393 280 543 313 rachide
570 280 650 312 basi
675 280 853 324 apice-que
881 282 1084 320 attenuata,
1113 280 1354 324 pinnulisque
1394 281 1526 313 mediis
1564 280 1681 324 longi-

159 337 297 377 oribus,
324 337 516 371 basalibus
543 337 831 371 dentiformibus
859 339 995 370 sensim
1024 337 1217 371 obsoletis.
1268 339 1408 371 Ultima
1441 339 1682 382 pinnularum

158 397 273 428 series
300 396 474 429 dentibus
502 396 771 440 marginalibus
798 398 1054 430 constituitur.
1091 398 1231 430 Dentes
1256 397 1493 430 latitudinem
1522 397 1681 430 rachidis

158 454 395 497 longitudine
421 465 487 488 sua
513 458 743 498 superantes,
769 459 856 488 sunt
883 466 972 489 mox
999 455 1186 496 multifidi,
1202 466 1335 500 nempe
1364 467 1383 489 a
1407 456 1530 489 medio
1560 467 1682 489 ramu-

157 513 203 546 lis
229 513 414 546 subulatis
441 514 663 556 corymbose
689 514 881 558 dispositis
908 516 1101 558 instructi,
1140 518 1182 548 ut
1208 514 1390 548 eircrescit
1417 516 1529 555 frons,
1556 515 1683 548 dentes

159 570 443 615 prolongantur,
468 571 590 604 rachis
616 582 745 605 eorum
773 562 963 604 excrescit
979 575 1015 604 et
1042 574 1133 605 rami
1161 573 1326 606 subulati
1347 573 1683 616 decomponuntur.

158 631 333 674 Exceptis
359 630 535 664 dentibus
562 631 762 671 basalibus,
786 632 848 674 qui
876 632 1013 663 sensim
1041 631 1302 671 obliterantur,
1328 634 1528 675 sequentes
1557 642 1684 665 omnes

160 688 227 722 hoc
253 689 365 723 modo
391 690 427 722 in
456 689 629 733 pinnulas
655 689 803 730 abeunt,
831 689 928 722 unde
957 690 1060 722 frons
1096 690 1262 730 inferior,
1289 690 1412 732 pinnis
1452 689 1604 734 quidem
1631 691 1684 724 in-

159 750 313 788 ctructa,
340 747 517 780 dentibus
554 750 675 780 autem
717 747 831 780 nullis
872 749 1080 789 marginata
1118 748 1284 791 adparet.
1334 747 1485 781 Fertilis
1522 749 1626 781 frons
1650 751 1684 781 et

160 806 275 849 magis
303 805 525 850 prolongata
551 810 586 838 et
614 806 878 850 decomposita,
904 807 1027 849 pinnis
1053 806 1195 838 inferne
1222 806 1374 850 longius
1400 807 1608 847 denudatiS,
1626 817 1685 841 su-

160 875 271 908 perne
299 866 336 897 in
364 865 538 908 pinnulas
566 864 662 897 linea
688 865 804 909 duplo
830 866 1065 908 angustiores
1095 865 1273 908 plurimas
1299 866 1538 899 abeuntibus.
1565 865 1686 909 Sphai-

162 933 325 967 rosporae
352 924 389 956 in
415 923 592 956 dentibus
620 923 891 966 marginalibus
918 924 1289 967 pinnato-multifidis
1331 925 1607 967 subsastigiatis,
1634 936 1688 958 ra-

160 982 331 1015 chidibus
358 982 555 1021 fertilibus,
581 982 746 1014 ramellis
779 981 944 1025 spinulas
985 982 1240 1022 efficientibus,
1268 983 1451 1027 evoluta-3
1488 983 1586 1015 unde
1625 984 1688 1016 sti-

160 1041 279 1074 ehidia
307 1041 434 1073 inflata
460 1040 703 1073 teretiuscula
730 1041 908 1084 utrinque
947 1044 1149 1081 attenuata,
1187 1041 1286 1073 linea
1324 1040 1523 1084 subspirali
1561 1052 1688 1074 verru-

161 1110 247 1133 cosa
285 1099 520 1144 spinulisque
561 1102 705 1132 armata
750 1099 942 1141 adparent.
1006 1099 1220 1132 Keramidia
1262 1100 1614 1143 oblongo-globosa.
1652 1101 1688 1133 in

161 1160 272 1192 dente
300 1161 508 1203 composito
537 1159 696 1202 singula,
730 1159 885 1191 sessilia.
938 1158 1051 1192 Color
1090 1160 1544 1204 vinoso-atropurpureus,
1584 1159 1688 1192 adul-

163 1219 268 1251 tioris
295 1219 544 1250 exsiccatione
582 1219 614 1249 in
645 1219 915 1260 nigrescentem
947 1217 1112 1250 tendens.
1162 1218 1374 1251 Substantia
1403 1218 1610 1261 gelatiuosa
1638 1219 1688 1251 vi-

164 1277 285 1317 detur,
311 1277 410 1309 unde
439 1275 575 1309 charta·
603 1280 657 1309 sat
684 1276 777 1309 bene
804 1276 980 1309 adhaeret.

254 1336 392 1368 Przrter
418 1338 536 1367 status·
564 1346 673 1378 supra
699 1335 906 1378 descriptos
941 1336 1061 1367 forma
1087 1335 1192 1367 adest
1219 1334 1485 1378 penicilligera,
1511 1335 1545 1366 ci
1572 1336 1611 1366 ut
1639 1335 1688 1367 vi-

163 1394 273 1426 detur
299 1393 466 1436 analoga,
496 1404 606 1437 quam
637 1394 670 1425 in
699 1392 978 1436 Polysiphoniis
994 1393 1126 1425 etaliis
1141 1393 1328 1435 cognitam
1344 1392 1543 1435 habemus,
1559 1393 1688 1425 sistens

165 1453 327 1496 plantam
354 1452 579 1485 denudatam
609 1452 945 1496 proliticationibus
976 1456 1012 1484 ut
1041 1453 1362 1496 suspicoriterum
1386 1453 1688 1485 ramosissimam.

166 1512 246 1544 llaec
272 1510 393 1544 adhuc
420 1512 536 1554 magis
564 1512 780 1553 composita,
806 1512 902 1553 gerit
927 1510 1011 1543 loco
1038 1512 1237 1553 pinnarum
1265 1510 1417 1554 thyrsos
1445 1514 1575 1544 ovatos
1603 1511 1689 1544 den-

164 1571 341 1609 sissimos,
368 1571 549 1614 copiaque
581 1569 845 1613 penicillorum
872 1569 1126 1602 mollissimos.
1176 1568 1360 1602 Rachides
1387 1569 1629 1613 pinnularum
1655 1571 1690 1603 in

165 1629 219 1661 liis
248 1631 334 1661 sunt
366 1628 570 1661 admodum
609 1632 818 1667 attenuata,
856 1629 891 1660 in
930 1629 1136 1660 crassitiem
1176 1628 1596 1671 setaceam-capillarem
1636 1638 1689 1660 re-

164 1688 291 1726 duci-(e,
318 1688 458 1719 inferne
487 1687 683 1720 denudata·
711 1692 775 1720 aut
813 1687 972 1730 spinulis
1015 1677 1139 1730 paucis
1180 1687 1383 1725 instruetae,
1411 1687 1494 1719 dein
1524 1687 1559 1719 in
1590 1687 1690 1729 peni-

165 1746 271 1779 cillos
303 1746 451 1778 filorum
491 1745 634 1778 alterne
672 1745 863 1784 abeuntes,
901 1746 998 1777 inter
1036 1755 1130 1788 quos
1169 1754 1294 1777 ramus
1335 1745 1556 1776 incrassatus
1595 1754 1690 1777 nunc

165 1805 435 1848 sphzerosporis
462 1808 619 1837 onustus
648 1805 823 1844 cernitury
849 1805 951 1847 apice
978 1804 1140 1846 denique
1168 1804 1202 1835 in
1231 1802 1382 1835 frondes
1401 1802 1568 1836 novellas
1583 1812 1690 1835 cune-

165 1867 243 1897 atas
271 1864 445 1896 dilatata.
498 1863 598 1896 Hanc
640 1863 795 1895 sormam
834 1863 983 1895 nomine
1011 1863 1053 1895 D.
1082 1862 1309 1904 Harveyanae
1348 1871 1423 1894 var.
1454 1860 1690 1904 ssabelligerae

165 1934 185 1955 a
213 1923 362 1965 Harvey
385 1922 673 1961 denominatam,
700 1921 743 1954 ad
774 1931 857 1953 oras
883 1921 995 1953 Nova·
1022 1920 1229 1954 Hollandia*
1270 1919 1519 1953 occidentales
1560 1920 1689 1953 lectam

170 1981 302 2014 habeo.

258 2040 406 2083 Species
433 2051 453 2072 a
480 2040 625 2081 Harvey
666 2040 826 2081 primuni
871 2040 1017 2071 nomine
1046 2039 1088 2072 D.
1119 2038 1292 2070 tridentis
1328 2038 1524 2081 descripta,
1556 2048 1576 2070 a
1602 2038 1690 2072 Son-

167 2099 256 2131 dero
303 2098 500 2137 distincta,
539 2096 816 2129 characteribus
864 2098 988 2140 petitis
1026 2108 1047 2129 a
1084 2096 1209 2129 colore
1255 2098 1690 2140 roseo—purpurascente,

166 2158 302 2190 areolis
331 2157 455 2190 minus
483 2156 701 2200 perspicuis,
734 2155 888 2187 ramulis
926 2155 1173 2195 tenuioribus,
1210 2165 1371 2199 quorum
1411 2154 1541 2187 dentes
1578 2154 1689 2197 magis

170 2216 290 2256 divisi,
318 2219 352 2247 et
379 2216 563 2259 przecipue
602 2213 784 2246 stichidiis
811 2224 829 2246 e
857 2213 1036 2246 dentibus
1075 2213 1346 2256 marginalibus
1383 2213 1556 2247 evolutis.
1606 2212 1691 2247 Mihi

168 2284 318 2318 quoque
347 2276 444 2306 certe
473 2273 648 2305 distincta
681 2272 845 2315 adparet,
870 2272 957 2304 licet
983 2273 1017 2304 in
1046 2272 1238 2312 stichidiis,
1271 2272 1406 2313 colore,
1432 2280 1694 2318 ramorumque

170 2334 352 2366 tenuitate
392 2333 452 2364 vix
489 2331 605 2364 ullam
645 2331 891 2364 differentiam
918 2331 962 2364 D.
992 2331 1166 2363 tridentis
1205 2330 1362 2363 videam.
1411 2331 1453 2364 D.
1478 2331 1702 2374 Harveyana·

168 2394 222 2423 est
252 2390 379 2434 planta
406 2390 523 2432 magis
550 2389 766 2432 gelatinosa,
795 2388 889 2420 unde
925 2388 1061 2421 charta*
1099 2389 1175 2421 sere
1215 2399 1360 2432 semper
1398 2393 1497 2421 arcte
1523 2388 1690 2429 adhaeret,
1722 2428 1728 2441 ι

169 2449 256 2482 dum
285 2449 326 2482 D.
368 2448 510 2480 tridens
550 2447 736 2479 levissime
776 2449 921 2479 tantum
962 2446 1097 2479 chartae
1135 2447 1296 2479 adfixam
1329 2447 1499 2479 viderim.
1548 2446 1728 2484 Areolae<

170 2508 372 2550 hexagona?
411 2507 447 2538 in
474 2507 517 2539 D.
546 2506 698 2538 tridenti
737 2516 846 2549 quan]
887 2507 1047 2537 maxime
1086 2506 1303 2548 conspicuae,
1340 2506 1377 2537 in
1405 2506 1449 2538 D.
1476 2493 1728 2548 Harveyanati

170 2565 369 2608 obsoletae·7
397 2565 495 2608 quod
523 2575 543 2597 a
572 2566 760 2597 structura
790 2563 978 2607 paulisper
1015 2564 1164 2596 diversa
1202 2563 1362 2606 pendere
1396 2563 1562 2606 adparet.
1613 2556 1715 2612 Cel-‘ov

170 2624 256 2656 lula*
283 2624 458 2656 nimirum
486 2623 684 2655 interiores
713 2624 799 2654 sunt
825 2624 942 2654 strato
981 2621 1201 2654 cellularum
1245 2620 1549 2654 subcorticalium
1586 2622 1689 2653 extus

173 2686 288 2721 tectae,
315 2693 335 2714 a
360 2682 498 2725 quibus
537 2680 795 2724 magnitudine
834 2680 958 2712 minus
985 2680 1174 2713 differunt.
1223 2680 1264 2712 In
1290 2679 1334 2712 D.
1362 2679 1513 2711 tridenti
1542 2678 1596 2711 hae
1622 2676 1712 2719 cel-y

172 2740 257 2772 lul-<r
284 2740 360 2772 sere
389 2742 535 2772 tantum
565 2740 774 2782 conspicuae
802 2739 839 2770 in
866 2739 979 2777 venis,
1006 2738 1104 2770 unde
1132 2737 1267 2770 areolae
1293 2737 1491 2770 interiores
1518 2747 1583 2780 per
1603 2728 1711 2768 stra-'1

172 2801 250 2830 tum
279 2797 455 2830 eorticale
492 2797 638 2830 facilius
676 2796 927 2839 translucent·7
964 2795 1049 2829 hinc
1086 2807 1105 2829 a
1139 2796 1332 2840 superficie
1370 2795 1456 2827 visa:
1482 2796 1526 2828 D.
1554 2795 1688 2828 tridens

172 2857 356 2898 insignem
383 2857 481 2888 inter
518 2865 629 2888 venas
669 2858 705 2887 et
741 2853 992 2898 parenchyma
1029 2856 1213 2887 monstrat
1250 2853 1507 2893 differentiam,
1534 2853 1578 2886 D.
1604 2852 1688 2886 Har-
