1728 3110
135 104 157 145 8
169 105 191 145 9
202 106 225 145 (3
750 104 1030 146 RHODOMELEAE.
1378 109 1640 151 Odonthalm.

131 235 194 263 tes.
254 231 421 264 Pinnulae
465 233 717 266 erectiusculae
749 245 769 266 a
800 235 879 267 basi
919 238 1118 268 attenuatae
1156 235 1354 276 subulatae,
1398 235 1487 268 1—2
1523 235 1640 268 lineas

131 289 259 331 longae,
288 290 420 322 infimae
435 291 472 322 in
498 292 611 333 pinna
638 292 831 335 simplices,
858 297 1055 337 sequentes
1081 295 1259 326 interiore
1285 294 1401 327 latere
1427 294 1640 337 pinnellam,

129 349 264 380 sensim
297 349 335 380 in
367 349 516 391 pinnam
552 357 826 384 excrescentem
854 356 1086 395 generantes.
1137 352 1315 385 Stichidia
1342 353 1384 385 ad
1414 354 1534 395 apices
1560 353 1639 396 pin-

128 416 258 438 narum
291 407 327 438 in
360 406 508 440 rachide
539 408 755 442 abbreviata
788 413 823 442 et
855 412 970 453 magis
996 410 1185 443 subdivisa
1210 411 1443 453 proveniunt,
1470 411 1640 454 pinnato-

128 464 423 505 subsasciculata,
461 468 647 500 exteriora
685 467 763 500 basi
802 470 864 500 vix
898 472 1089 501 attenuata
1121 469 1237 512 magis
1266 468 1437 511 oblonga,
1462 469 1641 501 interiora

127 522 204 554 basi
240 523 499 556 subcontracta
531 528 568 557 at
601 526 743 558 sessilia
778 528 892 569 magis
917 527 1122 566 lancoidea,
1151 526 1335 570 duplicem
1364 528 1497 560 seriem
1525 526 1640 569 sphae-

127 590 368 624 rosporarum
395 582 568 615 foventia.
614 584 827 617 Keraniidia
861 587 948 622 (see.
975 586 1109 629 Rupr.·7
1140 595 1160 617 a
1186 596 1244 617 me
1271 595 1345 618 non
1370 588 1516 617 matura
1541 586 1638 627 visa)

127 639 279 682 oblique
314 640 501 674 urecolata
533 642 745 682 ecalcarata,
771 643 815 675 ad
844 645 965 685 apices
992 645 1190 686 pinnarum
1216 645 1253 676 in
1280 645 1342 676 axi
1366 644 1470 677 brevi
1499 644 1640 676 alterne

126 708 315 731 racemosa
342 718 382 721 —
409 700 525 733 Frons
563 702 735 743 superior
774 704 954 745 ecostata3
993 703 1029 734 in
1064 702 1231 745 partibus
1262 702 1504 735 inferioribus
1540 705 1640 735 costa

125 756 310 789 formatur
345 757 554 791 evolutione
595 760 700 791 strati
733 760 917 792 corticalis
951 760 996 793 ab
1030 771 1102 792 una
1135 763 1199 793 aut
1233 760 1381 793 demum
1408 761 1453 793 ab
1480 764 1639 804 utraque

124 816 281 857 paginag
309 817 470 849 sectione
498 818 736 850 transversali
765 820 883 861 pinnae
904 818 1074 861 juniores
1101 819 1281 863 adparent
1303 829 1521 863 compressae
1543 829 1639 851 mar-

123 873 271 915 ginibus
308 875 526 915 rotundatis,
563 876 681 909 altero
718 878 835 920 magis
868 880 1058 920 protracto
1091 879 1128 910 in
1164 879 1298 911 vicinia
1323 878 1507 922 pinnulae3
1535 877 1639 910 adul-

122 933 237 964 tiores
269 942 355 965 vero
390 935 506 976 magis
536 936 713 977 ancipites
746 938 781 967 et
818 936 939 968 medio
974 937 1172 969 crassiores
1208 937 1254 970 ob
1281 940 1436 969 stratum
1465 937 1638 969 corticale

123 992 298 1035 utrinque
326 991 538 1036 evolutum-7
571 994 668 1025 iutra
706 996 865 1027 stratum
893 995 1066 1027 corticale
1092 995 1214 1028 media
1239 1006 1324 1038 pars
1350 1006 1483 1038 anceps
1509 995 1554 1027 ad
1580 997 1638 1027 ut-

123 1060 279 1093 rumque
318 1052 521 1092 marginem
560 1052 635 1084 fere
673 1052 900 1085 extenditur.
960 1054 1061 1085 Inter
1099 1053 1252 1086 cellulas
1292 1055 1397 1086 strati
1436 1054 1639 1093 interioris,

123 1107 257 1140 cellula
296 1108 468 1141 centralis
506 1119 602 1151 aegre
643 1110 899 1154 distinguitur,
936 1112 1245 1155 pericentralibus
1273 1112 1293 1144 6
1321 1114 1377 1149 (111
1416 1112 1525 1145 fallor
1562 1111 1639 1155 ple-

121 1168 299 1209 rumque)
329 1167 458 1199 cincta.

213 1227 299 1259 Fue.
339 1227 539 1259 aleuticum
580 1229 778 1268 lllertensii7
810 1228 878 1261 Rh.
911 1228 1105 1261 aleuticam
1139 1229 1220 1272 Ag„
1258 1231 1368 1272 atque
1407 1229 1638 1262 Atomariam

123 1287 303 1316 setaccaui
341 1285 453 1326 Rupr.
492 1296 602 1317 unam
643 1286 871 1330 eandemque
910 1287 1075 1330 plantam
1115 1290 1291 1330 spectare,
1331 1288 1445 1320 nullis
1486 1288 1637 1321 omnino

122 1342 246 1374 dubiis
286 1353 415 1375 vacare
454 1347 555 1386 puto.
613 1344 745 1384 Dubia,
783 1356 863 1388 quze
896 1345 940 1378 de
972 1346 1169 1378 identitate
1201 1349 1325 1379 movet
1357 1347 1636 1390 Rup1·echt,in-

123 1402 310 1443 spectione
338 1403 583 1445 speciminum
611 1403 806 1436 tolluntur.
852 1405 999 1437 leonem
1027 1404 1317 1447 Agardhianffln,
1348 1412 1444 1438 certe
1471 1416 1546 1439 non
1573 1416 1636 1449 op—

122 1460 259 1499 timam,
297 1463 417 1492 tamen
447 1464 660 1504 comparata
686 1461 934 1505 descriptione
967 1462 1060 1494 lianc
1092 1473 1158 1495 nec
1189 1463 1298 1496 aliam
1335 1464 1497 1497 indicare
1523 1466 1636 1508 patet.

122 1516 316 1561 Capsulam
350 1519 554 1551 solitariam
589 1523 624 1551 et
650 1521 885 1553 immaturam
913 1522 1046 1564 pictam
1073 1522 1196 1559 fuisse,
1223 1522 1424 1555 dolendum
1453 1526 1520 1555 est.
1567 1522 1636 1556 Rh.

121 1576 278 1609 floccosa
316 1577 485 1609 caulibus
523 1577 761 1611 filiformibus
800 1582 835 1611 et
874 1580 986 1611 ramis
1019 1580 1055 1611 in
1090 1580 1215 1623 planta
1240 1580 1369 1613 adulta
1402 1591 1636 1624 quoquover-

122 1645 202 1667 sum
232 1636 513 1678 divergentibus
542 1637 644 1669 nullo
672 1638 820 1679 negotio
848 1638 1104 1680 distinguitur.
1157 1640 1294 1672 Errore
1320 1641 1445 1683 itaque
1471 1640 1509 1673 F.
1535 1640 1636 1672 aleu-

122 1693 215 1725 ticus
252 1704 308 1736 ap.
346 1694 489 1726 Postels
528 1698 563 1726 et
601 1695 714 1738 Rupr.
748 1698 859 1738 atque
894 1695 1137 1738 Kiitzingium
1165 1707 1245 1728 cum
1272 1696 1338 1729 Rh.
1367 1697 1524 1730 floccosa
1550 1708 1635 1731 con-

115 1750 298 1794 jungitur.

121 1877 158 1916 4.
191 1878 237 1917 Ο.
269 1878 584 1917 ΚΑΜΤ5οΗΑΤ1οΛ
620 1881 762 1928 (Rupr.
800 1879 888 1927 Algs.
932 1880 1052 1918 Oelmz‘.
1081 1894 1122 1928 2).
1152 1881 1222 1926 22)
1254 1881 1399 1921 fronde
1429 1884 1549 1934 plana
1577 1884 1633 1922 al-

230 1950 343 1983 terne
391 1946 951 1998 decomposito-pinnatilida‚
991 1947 1148 1986 inferne
1193 1950 1448 1988 caulescente
1484 1950 1633 1988 incras-

230 2016 327 2058 sata,
367 2025 520 2050 sursum
560 2017 724 2058 eostam,
765 2017 875 2052 costa
911 2014 1095 2053 flexuosa
1133 2015 1340 2054 rachidem
1378 2017 1532 2055 alterne
1563 2017 1632 2055 ob-

230 2078 341 2128 lique
386 2078 566 2116 excisam
610 2086 870 2130 percurrente
915 2092 1087 2131 superne
1131 2087 1418 2128 evanescente,
1474 2082 1633 2121 laciniis

233 2144 544 2184 dentiformibus
588 2150 656 2184 aut
699 2146 913 2192 subulatis,
963 2147 1161 2186 stichidiis
1200 2178 1209 2186 .
1243 2179 1251 2187 .
1281 2178 1290 2187 .
1322 2178 1354 2195 .‚
1396 2149 1631 2187 kei-amidiis

231 2211 280 2250 ad
311 2211 446 2263 apices
488 2211 700 2263 pinnarum
731 2212 771 2249 in
802 2212 966 2251 rachide
996 2213 1180 2253 flexuosa
1209 2215 1441 2261 racemosis,
1471 2215 1513 2253 in
1543 2214 1630 2266 pin-

230 2278 324 2316 nula
369 2291 487 2330 supra
525 2278 662 2317 basem
701 2278 908 2318 sessilibus
948 2280 1115 2331 ejusque
1153 2282 1268 2334 apice
1306 2282 1530 2328 calcal-atis,
1569 2296 1630 2320 ur-

233 2344 413 2384 ceolatis.

213 2436 408 2469 Atomaria
432 2435 706 2469 Kamtschatiea
731 2434 852 2477 Rupr.
880 2436 901 2469 l.
928 2437 996 2470 c·!!

215 2493 439 2527 Odonthalia
463 2494 704 2537 angustisolia
730 2492 830 2527 Post.
858 2498 891 2527 et
915 2494 1037 2537 Rupr.
1064 2495 1209 2529 Illustr.
1237 2495 1308 2529 tab.
1337 2495 1536 2531 XXVIII!

230 2575 331 2614 Hab.
378 2575 419 2613 in
458 2587 610 2614 oceano
649 2574 819 2627 pacifico
857 2576 1064 2627 superiore
1102 2578 1151 2616 ad
1190 2577 1300 2616 littus
1330 2577 1628 2616 Kamtsehatkae

123 2641 240 2689 (Mus.
272 2641 657 2694 Petropolitanuml)

213 2733 331 2765 Frons
370 2734 425 2763 est
463 2733 610 2764 circiter
645 2731 874 2775 6-pollicaris
908 2732 1450 2776 decomposito-ramosissima‚
1485 2734 1627 2766 inferne

123 2789 333 2821 caulescens
371 2792 406 2820 ct
439 2791 650 2825 incrassata.
682 2800 830 2822 sursum
857 2790 1090 2832 complanata
1116 2794 1267 2824 costata.
1317 2792 1441 2824 Pinna·r
1468 2792 1546 2824 basi
1573 2795 1626 2824 at-

124 2849 290 2887 tenuata),
317 2859 402 2879 mox
429 2848 597 2887 lineares,
622 2848 771 2881 rachide
796 2849 970 2889 flexuosa,
997 2849 1141 2882 alterne
1168 2852 1203 2882 et
1231 2849 1385 2882 distiche
1410 2860 1543 2882 novam
1570 2861 1625 2883 se-
