1728 3110
111 83 130 125 1
145 84 162 125 1
178 84 232 126 16
728 86 1011 129 RuonoMmAE.
1400 91 1621 136 Amansia.

100 214 233 256 positis
270 213 538 248 submultifidis
576 216 735 257 evoluta,
773 217 937 259 linearia,
975 219 1111 252 eximie
1146 220 1311 261 incurva,
1346 220 1622 264 sphaerosporas

101 271 243 314 duplici
287 274 380 305 serie
426 274 625 318 dispositas
664 276 839 311 foventia.
899 277 1113 311 Keramidia
1148 289 1223 312 non
1262 280 1348 314 vidi.
1409 279 1623 313 Substantia

101 330 643 371 subcarnoso—membranacea.
670 333 804 368 chax-tax
832 346 905 369 non
931 336 1107 370 adhaeret.
1158 337 1271 371 Color
1300 338 1446 371 badius.

193 390 389 423 structura
415 391 543 424 eadem
570 403 611 424 ac
636 394 673 425 in
700 393 785 426 Am.
812 394 999 437 prolifera,
1016 398 1051 427 et
1078 395 1228 439 plurimi
1255 395 1418 438 ejusdem
1436 395 1622 428 characte-

100 457 170 479 res.
221 449 345 481 Pinnae
373 450 572 494 utriusque
601 452 737 494 speciei
765 454 955 496 oppositae,
982 464 1048 486 nec
1074 454 1227 486 alternae
1253 457 1295 487 ut
1320 455 1355 487 in
1384 454 1526 486 caeteris
1542 464 1622 497 spe-

101 505 242 539 ciebus.
288 508 412 540 Strato
440 509 606 542 corticali
635 512 793 555 utraque
819 513 962 555 species
987 512 1032 545 ab
1058 512 1141 544 aliis
1168 514 1314 555 generis
1342 514 1512 555 insignis.
1545 513 1622 546 Hoc

100 564 210 597 modo
250 567 450 598 sectionem
491 567 656 601 efficiunt
691 571 894 613 propriam,
932 581 953 603 a
991 570 1147 614 reliquis
1186 572 1394 604 eeorticatis
1432 571 1540 604 facile
1568 571 1621 604 di-

99 623 283 656 stinctam.

99 754 136 791 6.
167 753 214 793 A.
248 768 471 794 PROLIFERA
501 753 634 805 (ἂνω.
662 760 789 807 mser.)
819 757 964 796 fronde
1006 759 1200 798 corticata
1231 759 1391 806 lineari,
1422 760 1621 812 pinnatim

211 821 418 861 subdivisa
448 827 488 861 et
517 822 885 875 prolificationibus
916 837 1032 864 secus
1062 826 1237 865 mediam
1269 826 1458 879 paginam
1493 838 1621 864 emer-

207 888 394 939 gentibus
426 890 574 941 sparsis
604 903 776 936 ramosa,
807 891 1076 942 dentibusque
1107 892 1621 932 lanceolato-deltaeformi-

207 955 281 995 bus
312 956 467 995 frondis
498 957 752 996 latitudinem
799 960 1082 1010 superantibus
1128 960 1325 1012 oppositis
1367 960 1622 999 subincurvis

205 1028 370 1070 serrata,
402 1024 601 1063 stiohidiis
632 1024 737 1063 intra
767 1026 992 1077 marginem
1031 1031 1099 1065 aut
1128 1027 1168 1065 in
1202 1028 1390 1066 dentibus
1421 1041 1442 1066 a
1473 1028 1623 1080 pagina

204 1091 326 1142 plana
366 1091 688 1143 prolificantibus
735 1092 975 1131 densissime
1021 1094 1255 1145 glomeratis
1301 1094 1491 1146 stipitatis
1534 1094 1620 1133 lan-

205 1158 373 1197 ceolatis
404 1159 596 1206 incurvis,
627 1159 864 1198 kei-amidiis
898 1192 904 1198 .
938 1190 948 1199 .
982 1191 990 1199 .
1021 1191 1030 1200 .

185 1239 395 1283 Rytiplila·a
422 1240 599 1283 prolisera
625 1237 733 1273 Grev.
759 1249 865 1273 mser.
890 1241 929 1274 in
954 1240 1029 1274 Hb.
1056 1240 1228 1274 Hooker!

207 1309 309 1348 Hal).
343 1309 391 1348 ad
424 1322 514 1349 oras
546 1309 674 1348 Indiae
706 1310 916 1349 orientalis
947 1311 1132 1363 (Wightl
1166 1312 1239 1351 sub
1270 1325 1335 1350 n:o
1368 1310 1478 1359 146).

184 1390 301 1423 Frons
328 1389 620 1433 pluripollicaris
649 1391 798 1423 videtur
828 1394 990 1434 (partem
1008 1393 1240 1435 superiorem
1255 1392 1276 1424 4
1292 1392 1509 1436 pollicarem
1525 1392 1619 1436 vidi)

92 1447 170 1479 2-as
208 1448 324 1480 lineas
364 1449 511 1480 circiter
552 1449 636 1491 lata,
677 1452 755 1482 tum
784 1451 962 1492 piunatim
993 1450 1194 1491 subdivisa,
1232 1454 1309 1483 tum
1339 1451 1619 1494 prolitieationi-

91 1506 160 1538 bus
188 1517 343 1539 ramosa.
394 1506 502 1539 Costa
531 1509 743 1547 incrassata,
770 1510 866 1540 intra
902 1509 1191 1552 prolificationes
1220 1511 1355 1541 sensim
1387 1510 1554 1548 formata,
1581 1511 1618 1542 in

92 1565 266 1597 inferiore
307 1569 408 1608 parte
446 1566 570 1609 adest·7
610 1567 646 1598 in
686 1568 879 1609 superiore
918 1571 1020 1611 parte
1059 1568 1236 1607 obsol‹·ta,
1270 1568 1402 1602 fronde
1431 1570 1465 1601 in
1498 1569 1620 1601 media

91 1624 225 1666 pagina
250 1623 523 1667 aliquantulum
551 1626 753 1657 incrassata
780 1627 1035 1658 constituitur.
1062 1628 1174 1658 Secus
1202 1625 1293 1658 lianc
1323 1630 1464 1670 partem
1480 1628 1618 1660 incras-

91 1688 207 1717 satam
238 1686 412 1728 utrinque
439 1687 564 1729 potius
591 1698 701 1730 qnam
731 1688 767 1719 in
796 1687 874 1729 ejus
902 1688 1022 1720 media
1048 1692 1151 1731 parte
1178 1689 1315 1720 sensim
1344 1689 1617 1732 oriunturpro-

91 1743 320 1780 lificationes,
348 1745 454 1777 initio
481 1755 626 1788 sparszr,
655 1747 788 1778 sensim
819 1746 1044 1789 quibusdam
1072 1746 1164 1779 locis
1180 1751 1402 1789 aggregatae,
1418 1750 1617 1791 utramque

90 1802 262 1844 paginam
292 1806 526 1845 occupantes,
552 1803 639 1835 licet
666 1804 701 1835 in
731 1815 812 1842 una,
845 1815 925 1847 qua·
952 1804 998 1836 ob
1034 1806 1328 1837 incurvationem
1358 1805 1500 1838 frondis
1526 1806 1617 1838 levi-

92 1863 148 1892 ter
187 1860 441 1900 eannlimlata,
481 1862 551 1893 sint
592 1862 878 1905 frequentiores,
928 1863 1052 1894 Pinna¹
1095 1863 1429 1906 prolifieatiouibus
1467 1864 1617 1904 similes,

90 1919 161 1951 nisi
189 1919 287 1961 quod
316 1919 394 1950 basi
422 1921 543 1951 minus
572 1921 645 1952 sint
683 1923 889 1959 attenuate-¹,
931 1920 971 1952 1⁷
999 1921 1249 1964 3-pollieares‚
1284 1922 1443 1954 lineares
1471 1933 1535 1966 per
1561 1926 1615 1955 to-

91 1980 163 2009 tam
193 1977 468 2019 longitudinem
496 1977 671 2011 «lentibus
710 1980 900 2023 oppositis7
928 1981 1065 2012 sensim
1104 1981 1138 2012 in
1167 1980 1342 2022 pinnulas
1380 1981 1616 2021 abeuntibus,

95 2040 255 2076 serrata,
283 2038 385 2079 apice
411 2038 626 2070 incurvatam
654 2039 792 2071 Dentes
819 2039 1055 2072 latitudinem
1086 2039 1258 2078 raehidis,
1288 2041 1323 2073 in
1352 2051 1423 2084 qua
1443 2041 1615 2081 insident,

92 2106 159 2128 sna>
184 2095 421 2138 longitudine
449 2100 680 2139 superantes,
709 2107 728 2128 a
754 2097 831 2129 basi
860 2098 991 2130 latiore
1008 2100 1189 2130 attenuati
1205 2098 1466 2137 deitaeformes,
1482 2110 1614 2142 parum

92 2156 201 2191 acuti,
228 2155 395 2197 margine
422 2154 628 2187 obsoletius
657 2157 971 2193 erenato·serrati‚
999 2156 1151 2189 demum
1184 2158 1252 2200 ipsi
1282 2168 1378 2190 nova
1404 2158 1498 2189 serie
1525 2157 1614 2189 den-

91 2215 182 2245 tium
212 2213 323 2246 obsiti
351 2215 387 2244 et
413 2214 449 2244 in
478 2213 650 2255 pinnulas
678 2215 823 2245 mutati.
876 2214 1054 2246 Stieliidia
1086 2216 1121 2247 in
1154 2215 1489 2257 prolitieationibus
1515 2225 1613 2248 nunc

90 2281 195 2304 secus
234 2274 375 2314 partem
414 2273 656 2304 incrassatam
683 2272 813 2304 inedia:¹
841 2274 992 2315 pagium,
1020 2284 1118 2306 nunc
1145 2275 1304 2316 margini
1334 2275 1612 2318 propinquiori-

88 2329 169 2369 bus,
197 2333 261 2362 ant
286 2330 321 2361 in
350 2330 439 2372 ipsis
466 2330 640 2362 dentibus
660 2331 828 2373 apagina
854 2331 964 2373 plana
991 2332 1267 2374 emergentibus
1294 2332 1460 2371 formata,
1476 2334 1611 2365 sensim

89 2388 182 2420 fiunt
221 2388 440 2419 densissime
479 2391 690 2431 aggregata,
729 2388 958 2430 glomerulos
998 2389 1221 2422 rotundatos
1259 2390 1441 2423 diametro
1475 2390 1610 2423 lineam

89 2447 164 2478 sere
191 2451 380 2489 aequantes
407 2447 624 2490 formantia3
646 2447 845 2489 glomeruli
874 2450 1044 2480 constant
1071 2448 1224 2480 ramulis
1252 2449 1610 2492 iterumiterumque

89 2507 245 2545 ramosis
272 2505 495 2538 saseiculatis
522 2505 737 2538 lanceolatis
776 2507 1007 2545 acuminatis,
1044 2506 1126 2539 aliis
1161 2506 1362 2546 sessilibus,
1388 2506 1470 2539 aliis
1496 2517 1609 2550 angu-

89 2565 203 2597 stiore
232 2567 334 2607 parte
374 2565 560 2606 stipitatis,
599 2564 784 2606 duplicem
824 2565 956 2596 seriem
998 2564 1343 2608 sphaerosporarum
1375 2565 1607 2607 foventibuS3

90 2622 273 2661 omnibns,
301 2622 616 2665 prolificationum
637 2622 681 2655 ad
708 2623 833 2662 instar,
853 2632 966 2665 prope
994 2624 1199 2665 marginem
1227 2624 1318 2655 ortis
1346 2624 1470 2667 potius
1497 2633 1607 2667 quam

91 2682 240 2720 pinnata
268 2681 546 2713 ramificatione.

184 2739 300 2771 Frons
328 2748 392 2781 per
426 2738 565 2770 lentem
602 2739 769 2781 inspecta
810 2739 1050 2770 transversim
1090 2738 1409 2772 areolato-zonata.
1445 2738 1606 2780 adparet,

90 2797 192 2828 zonis
218 2796 263 2829 ab
290 2807 364 2829 uno
391 2796 433 2828 ad
463 2796 622 2828 alterum
650 2797 857 2839 marginem
883 2798 1048 2829 extensis
1074 2798 1254 2840 arcuatis3
1292 2806 1402 2830 zonas
1441 2797 1605 2829 efficiunt

90 2853 232 2887 cellulae
259 2854 416 2897 majores
442 2855 652 2897 interiores,
677 2864 695 2887 e
722 2855 875 2898 regione
889 2856 1028 2898 positae,
1043 2866 1108 2899 per
1122 2858 1281 2888 stratum
1296 2854 1470 2889 corticale
1486 2858 1603 2888 trans-
