1728 3110
176 132 199 172 9
213 131 229 170 1
242 131 265 171 6
791 128 1075 170 RnononELEAE.
1379 132 1690 187 Polysiphonia.

169 262 225 292 nis
250 268 389 298 norma,
416 259 539 301 pinnis
565 259 689 290 minus
723 259 941 301 compositis
967 261 1002 291 et
1029 257 1228 298 subulatis‚
1264 257 1561 303 siphonibusque
1598 268 1689 302 pau-

168 318 342 351 cioribus.
1602 328 1604 330 ·

259 377 425 419 Speciem
450 386 635 420 nusquam
662 376 891 409 nominatam
919 376 1004 417 vidi,
1036 375 1099 408 sed
1134 377 1318 419 specimen
1355 376 1422 409 sub
1455 377 1604 409 nornine
1638 376 1687 408 ci-

168 437 243 466 tato
269 444 290 466 a
316 434 465 477 Harvey
494 438 687 478 acceptum
716 434 905 478 descripsi.
932 435 987 468 De
1015 435 1135 478 specie
1162 434 1411 477 Kiitzingiana
1438 445 1550 478 supra
1576 435 1687 467 citata

165 492 335 524 notulam
362 492 407 526 ad
433 494 473 526 P.
500 495 698 535 pennatam
726 493 863 526 videas.

161 611 199 650 2.
231 611 273 650 P.
304 624 551 650 DENDRITICA
582 611 673 662 (Ay.
708 613 807 661 Syst.
837 611 926 660 Azy.
948 623 991 659 p.
1022 611 1121 658 146)
1152 615 1235 651 tota
1267 612 1526 659 decumbens,
1543 613 1594 651 ab
1623 612 1684 651 in-

273 678 421 717 feriore
452 679 601 731 pagina
631 679 822 731 adpressa
853 678 1053 725 radicans,
1092 678 1264 717 distiche
1294 679 1490 731 pinnatim
1523 679 1684 718 decom-

269 747 414 798 posita,
445 746 580 798 pinnis
611 747 660 785 ad
693 746 924 798 geniculum
957 746 1146 796 quodque
1177 745 1479 797 egredientibus
1498 746 1685 797 utrinque

269 813 443 864 geminis
474 813 781 859 alternantibus,
815 812 1009 851 inferiore
1040 812 1215 864 simplici
1246 812 1445 859 subulato,
1475 813 1683 865 superiore

268 880 358 931 plus
401 880 532 918 minus
579 879 874 932 decompossto,
919 879 1099 917 articulis
1146 879 1442 931 polysiphoniis
1486 880 1682 919 diametro

268 947 493 998 {equalibus
538 952 607 985 aut
652 959 780 997 usqne
825 945 948 998 duplo
993 945 1262 992 brevioribus,
1307 946 1598 998 sphaerosporis
1641 946 1681 984 in

265 1014 444 1066 pinnulis
474 1013 706 1052 incrassatis
738 1012 891 1065 paucis,
920 1012 1158 1052 keramidiis
1189 1013 1317 1052 ovatis
1348 1013 1471 1065 longe
1502 1013 1681 1065 pedicel-

266 1081 371 1119 latis.

247 1159 468 1193 Hutchinsia
496 1159 703 1192 ‹lendritica
732 1158 800 1201 Aff·
827 1158 849 1191 l.
876 1167 904 1191 C.
931 1157 1034 1200 Spec.
1062 1157 1144 1201 Alps.
1165 1167 1206 1201 p.
1233 1159 1336 1191 104!!

248 1217 517 1260 Polysiphonia
555 1218 763 1250 dendrilica
794 1216 911 1250 Hook.
938 1219 972 1250 et
994 1216 1114 1250 Harv.
1140 1217 1180 1250 in
1203 1215 1321 1250 Loml.
1349 1215 1480 1250 Journ.
1514 1215 1587 1250 Vol.
1608 1215 1678 1250 IV.

146 1283 187 1316 p.
215 1276 316 1308 5361!
342 1274 461 1308 Heu-ze.
489 1274 577 1308 Ner.
606 1274 739 1308 Austr.
762 1284 803 1317 p.
830 1275 907 1308 47!!
934 1273 1046 1308 Kritz.
1073 1274 1136 1317 Sp.
1165 1274 1248 1318 Azy.
1270 1284 1310 1317 p.
1336 1275 1418 1308 804!

262 1345 364 1383 Hab.
396 1344 436 1383 in
471 1344 635 1384 Oceano
667 1344 845 1383 Australi
880 1345 930 1383 ad
967 1344 1106 1383 littora
1134 1344 1264 1384 Novae
1295 1344 1519 1390 Zelandiae,
1549 1344 1678 1383 Novae

151 1411 397 1459 Hollandiae,
430 1412 614 1451 Brasiliae
646 1412 686 1450 in
718 1412 809 1451 aliis
840 1412 942 1464 algis
973 1412 1201 1465 parasitica.

244 1493 363 1526 Frons
390 1492 535 1535 pusilla,
563 1502 677 1535 supra
702 1491 792 1524 alias
820 1492 923 1535 algas
959 1495 1036 1525 tota
1068 1493 1191 1531 effusa,
1225 1493 1451 1535 expansione
1477 1492 1540 1523 vix
1567 1490 1676 1533 polli-

151 1551 236 1590 cari,
263 1562 283 1583 a
310 1551 444 1594 pagina
470 1551 646 1584 inferiore
673 1561 865 1583 ramorum
892 1550 1155 1594 principalium
1183 1551 1361 1590 radicans,
1382 1550 1560 1583 radiculis
1588 1549 1675 1581 tubo

149 1609 253 1641 brevi
282 1612 317 1641 et
356 1611 582 1652 expansione
615 1609 925 1642 radiato-scutata
963 1609 1150 1641 terminali
1188 1610 1415 1643 constitutis.
1468 1610 1593 1642 Pinnae
1620 1619 1674 1640 se-

150 1667 336 1700 eundariae
364 1667 587 1711 plerumque
616 1678 689 1700 non
717 1667 938 1707 radicantes,
971 1667 1034 1699 sed
1061 1668 1200 1710 pariter
1225 1667 1420 1711 adpressae,
1448 1668 1500 1700 ita
1525 1670 1567 1700 ut
1599 1670 1675 1699 tota

149 1726 276 1769 planta
317 1727 543 1759 decumbens
581 1730 616 1758 et
645 1725 802 1758 distiche
844 1726 1026 1768 pinnatim
1068 1725 1323 1769 decomposita
1360 1727 1418 1758 sit.
1467 1725 1509 1758 In
1546 1725 1675 1768 planta

151 1784 245 1816 bene
273 1785 424 1817 evoluta
450 1786 571 1828 pinna>
598 1784 842 1825 creberrima»,
882 1783 1040 1826 majores
1066 1785 1342 1827 patentissimae,
1369 1783 1524 1827 singulae
1562 1794 1674 1827 supra

148 1844 287 1876 vicinas
314 1842 397 1886 plus
424 1844 546 1875 minus
574 1853 747 1886 expansae
782 1844 817 1874 et
844 1842 1243 1885 super-incumbentes⁷
1276 1843 1314 1874 in
1341 1842 1468 1886 planta
1499 1842 1673 1875 macriori

148 1902 388 1934 distantiores
415 1903 450 1932 et
479 1902 600 1933 minus
628 1900 850 1944 regulariter
876 1900 1076 1943 dispositae,
1114 1900 1179 1932 ubi
1218 1900 1310 1933 bene
1338 1901 1496 1933 evolutae
1522 1911 1543 1933 a
1568 1900 1670 1943 geni-

149 1959 234 1992 culo
261 1969 409 2002 quoquc
436 1958 604 2001 singulee,
631 1960 681 1991 ita
708 1968 795 1991 vcro
823 1958 1013 2001 dispositae
1041 1962 1083 1991 ut
1110 1960 1265 2001 gcmime
1292 1970 1409 1992 unum
1436 1959 1534 1992 latus
1561 1969 1670 1992 occu-

146 2021 276 2061 pantes
303 2028 385 2049 cum
425 2018 583 2059 geminis
620 2017 702 2049 aliis
743 2017 903 2049 alterum
942 2018 1147 2059 marginem
1179 2017 1447 2060 occupantibus
1473 2017 1669 2049 alternent.

146 2077 305 2109 Inferior
331 2076 565 2119 geminarum
593 2077 648 2107 est
677 2075 833 2118 pinnula
860 2075 1019 2118 simplex
1058 2075 1234 2107 subulata
1267 2075 1534 2116 obtusiuscula‚
1561 2084 1669 2117 supe-

145 2136 224 2168 rior
250 2135 362 2178 pinna
387 2133 472 2177 plus
498 2134 622 2165 minus
649 2132 779 2165 eodem
808 2132 918 2165 modo
945 2134 1169 2175 composita3
1196 2132 1371 2175 pinnellae
1398 2132 1539 2165 ultimae
1572 2143 1668 2165 mar-

146 2194 232 2236 gine
259 2193 418 2225 dentata*
451 2194 515 2224 aut
541 2190 756 2234 inaequales,
806 2189 1079 2233 Sphaerosporae
1105 2191 1142 2223 in
1168 2190 1365 2223 frondibus
1389 2191 1505 2233 magis
1521 2189 1667 2223 decom-

144 2251 276 2294 positis
302 2250 574 2294 provenientes,
601 2250 638 2281 in
665 2247 830 2292 pinnulis
863 2249 1077 2281 incrassatis
1104 2251 1139 2280 et
1167 2248 1371 2290 iiiaj0ribus
1398 2248 1667 2281 obtusiusculis

149 2307 553 2351 subsiliquaesormibus
581 2306 748 2345 evolutae,
775 2305 922 2348 singula
949 2307 1044 2338 serie
1071 2306 1336 2349 longitudinali
1358 2306 1556 2350 dispositae,
1577 2305 1668 2338 3--4

143 2368 181 2399 in
209 2366 336 2399 eadem
364 2365 510 2409 siliqua,
536 2375 666 2408 parum
693 2363 927 2407 prominulae.
974 2363 1190 2397 Keramidia
1215 2365 1253 2396 in
1279 2364 1408 2407 planta
1432 2363 1556 2396 laxius
1582 2364 1664 2407 pin—

144 2428 231 2457 nata
258 2425 529 2467 provenientes,
555 2424 593 2455 in
619 2421 783 2466 pinnulis
810 2422 1043 2465 simplicibus
1070 2421 1240 2462 evolutae,
1268 2423 1455 2454 exteriore
1470 2421 1586 2454 latere
1601 2432 1665 2464 pa-

144 2493 227 2515 rum
253 2482 350 2514 infra
376 2483 516 2525 apicem
546 2480 701 2520 sessiles,
728 2491 825 2513 nunc
852 2483 892 2512 ut
922 2480 1071 2513 videtur
1109 2480 1334 2521 terminales,
1373 2480 1536 2523 longiori
1562 2480 1664 2523 pedi-

144 2541 239 2573 cello
266 2539 436 2577 sussultae,
463 2539 614 2582 oblique
644 2541 771 2571 ovatfe.
808 2537 970 2570 Articuli
996 2539 1033 2570 in
1060 2538 1187 2582 planta
1209 2538 1333 2571 laxius
1349 2539 1498 2581 pinnata
1525 2538 1663 2570 diame-

145 2602 201 2631 tro
228 2599 304 2630 sere
331 2597 502 2642 aequales,
530 2598 567 2629 in
594 2596 744 2629 densius
770 2596 921 2639 pinnata
954 2596 1070 2640 duplo
1102 2596 1302 2635 breviores,
1328 2607 1348 2629 a
1374 2597 1567 2640 superficie
1593 2598 1661 2629 visi

145 2656 317 2699 siphones
344 2655 435 2688 3>-4
461 2656 722 2688 monstrantes.
749 2654 919 2687 Sectione
948 2655 1187 2688 transversali
1211 2654 1385 2688 frondem
1412 2664 1662 2698 compressam
1718 2665 1719 2696 ξ

144 2719 180 2747 et
206 2715 379 2759 siphones
407 2715 671 2758 pericentrales
698 2714 796 2754 7-÷8‚
824 2715 998 2757 utrinque
1032 2715 1252 2758 siphonibus
1280 2716 1401 2758 pinnae
1429 2714 1660 2746 decurrentis

144 2776 284 2811 auctos,
309 2773 506 2806 observare
533 2772 685 2805 credidi.
736 2771 960 2804 Autheridia
984 2772 1146 2814 vulgaris
1172 2772 1310 2811 former,
1336 2774 1372 2803 at
1392 2782 1458 2814 pro
1474 2773 1659 2814 magnitu-

146 2830 230 2862 dine
257 2830 390 2873 planta³
418 2841 561 2874 magna,
587 2830 775 2873 nullisque
800 2829 903 2862 fibris
929 2831 1048 2862 mixta
1073 2840 1260 2874 perpauca
1286 2829 1375 2861 vidi.

235 2888 275 2919 In
302 2887 428 2930 planta
453 2891 512 2930 (ut
541 2891 645 2931 puto)
665 2887 824 2930 juvenili
851 2890 887 2920 at
914 2887 1138 2931 capsulifera
1164 2898 1261 2921 nunc
1284 2886 1356 2919 vidi
1381 2887 1554 2930 pinnulas
1581 2888 1658 2921 fere
1677 2879 1686 2884 ¹
