1728 3110
28 127 337 198 Polysv'phonia.
636 139 919 182 Rnonomm.
1449 141 1473 182 9
1483 141 1506 183 6
1515 141 1538 182 5

29 267 285 302 decuinbentia
311 270 492 310 intricata⁷
520 269 694 301 deorsum
721 270 935 310 radicantia,
962 279 1109 303 sursum
1127 271 1187 304 fila
1202 272 1421 305 secundaria
1443 281 1542 304 erec-

29 326 186 359 tinseula
222 328 439 368 emittentia,
477 328 600 360 onmia
633 327 832 360 articulata
863 329 1071 369 ecorticata,
1105 331 1322 363 secundaria
1349 331 1429 363 basi
1456 332 1543 363 sim-

28 384 245 428 pliciuscnla
282 385 366 418 dein
404 385 624 426 dichotome,
662 387 774 418 ramis
813 386 1067 419 conformibus
1105 391 1141 420 at
1173 389 1418 430 brevioribus,
1450 390 1542 422 inse-

27 443 185 476 rioribus
223 443 526 487 simplicinsculis
563 446 625 476 aut
663 444 814 477 densius
849 444 1071 478 dichotomis
1104 447 1328 480 fasciculatis
1355 451 1391 480 et
1418 449 1541 481 subfa-

28 503 193 544 stigiatis⁷
231 503 486 544 superioribus
527 503 644 545 magis
682 504 846 545 virgatis.
907 503 1070 536 Articuli
1107 506 1143 537 in
1183 505 1254 538 filis
1286 507 1474 549 primariis
1508 509 1543 538 et

26 561 139 592 infimi
177 562 211 592 in
252 561 479 594 secundariis
516 561 658 598 breves,
697 561 881 595 diametro
919 563 1080 606 aequales
1116 566 1180 595 aut
1215 565 1542 608 sesquilongiores,

26 618 134 651 medii
161 620 418 663 sesqui-triplo
445 621 653 663 longiores3
682 621 982 653 transversaliter
1009 623 1097 653 secti
1129 626 1215 655 sunt
1236 624 1273 655 in
1294 626 1433 656 recenti
1449 626 1541 664 (see.

27 678 187 720 Harvey)
219 681 413 721 tetragoni,
441 679 614 723 siphones
642 679 906 723 periccntrales
933 679 954 711 4
977 683 1239 713 monstrantes,
1267 681 1541 725 Splia·rosp0ra²

27 737 115 776 (sec.
152 737 370 779 Montagne)
408 738 574 771 articulis
603 738 832 771 tumentibus
864 739 1009 776 innatae,
1038 738 1171 777 medio,
1202 749 1275 771 non
1310 750 1397 772 vero
1430 742 1542 784 apice,

27 794 167 827 filorum
204 795 507 829 nioniliformiter
540 799 799 829 concatenata.
856 796 1071 830 Keramidia
1102 798 1240 840 ignota.
1298 797 1442 831 Chartae
1478 800 1544 831 mi-

25 862 92 886 nus
117 855 216 885 arcte
242 852 416 887 adhecret.

113 910 145 943 A
173 911 233 943 filo
259 913 436 954 primario
463 913 593 946 eodem
620 916 655 945 et
682 913 902 946 secundaria
934 914 1183 947 ereetinscula
1209 924 1320 958 supra
1346 914 1540 958 descripta,

27 970 60 1000 et
84 978 205 1001 ramos
244 969 518 1011 decumbentes,
555 971 772 1012 radicantes,
799 976 1088 1015 prorumpentes
1121 973 1206 1012 vidi,
1243 974 1305 1017 qui
1330 974 1452 1006 forma
1478 974 1541 1006 ad-

26 1027 176 1060 modum
215 1028 362 1062 diversa
398 1031 572 1062 instructi
610 1030 720 1063 aliam
760 1032 919 1073 speciem
957 1031 1121 1064 indicare
1160 1032 1391 1065 viderentur.
1449 1032 1542 1065 Sunt

25 1086 199 1119 nimirum
237 1088 429 1128 firmiores,
466 1088 602 1131 angulo
643 1090 900 1132 patentissimo
939 1090 1173 1133 egredientes
1208 1093 1394 1135 ramisque
1429 1091 1542 1124 subu-

25 1142 108 1175 latis
134 1146 274 1187 pariter
300 1147 565 1188 patentissimis
594 1147 724 1189 obsiti,
751 1148 900 1180 articuli
926 1149 964 1180 in
991 1148 1047 1181 his
1076 1149 1206 1182 breves
1234 1150 1297 1181 vix
1318 1150 1540 1182 diametrum

26 1201 257 1244 longitudine
295 1208 495 1248 aequantes.
556 1205 621 1238 His
660 1207 770 1238 ramis
812 1206 1025 1240 divaricatis
1061 1207 1368 1241 decumbentibus
1410 1208 1542 1252 plexus

26 1262 194 1296 radicalis
223 1264 389 1305 efficitur,
415 1276 436 1298 a
461 1276 535 1309 quo
562 1267 646 1299 dein
673 1267 890 1299 secundaria
917 1268 977 1300 lila
1005 1269 1258 1301 strietiuscula
1285 1272 1458 1312 snrgunt.

115 1323 280 1364 Speciem
306 1325 489 1367 przccipue
517 1325 563 1357 ad
589 1327 791 1368 specimina
816 1337 836 1358 a
862 1326 990 1369 Bailey
1016 1327 1059 1359 ad
1090 1329 1194 1360 lVest
1222 1328 1332 1360 Point
1358 1328 1452 1360 lecta
1478 1328 1541 1360 ‹le—

27 1379 162 1422 scripsi,
189 1391 268 1423 qum
293 1382 372 1424 ipse
399 1383 642 1425 Montagneus
668 1383 712 1415 ad
740 1384 777 1416 P.
810 1384 1092 1417 subtilissimam
1127 1387 1351 1429 pertinentia
1376 1388 1541 1428 agnovit.

25 1436 192 1480 Harveyo
219 1438 293 1471 haec
319 1441 538 1473 varietatem
566 1442 809 1482 constituunt,
831 1442 899 1474 filis
921 1442 1038 1475 adhuc
1062 1444 1297 1477 tenuioribus
1314 1444 1539 1476 distinctam.

26 1495 286 1538 Fragmentum
326 1500 536 1541 speciminis
575 1501 799 1542 Montagnei,
839 1501 939 1544 quod
966 1502 1045 1544 ipse
1079 1504 1300 1545 comparavi,
1333 1503 1539 1535 Diatonieis

26 1554 177 1586 nimium
206 1560 491 1599 conspurcatum
518 1567 628 1601 quarn
657 1562 698 1590 ut
724 1569 771 1591 ex
798 1569 840 1591 co
862 1558 1044 1601 judicium
1066 1565 1207 1593 certum
1228 1561 1324 1592 ferre
1345 1560 1542 1605 auderenr,

26 1615 155 1653 praeter
192 1614 369 1647 articulos
404 1615 594 1649 breviores
628 1617 766 1649 nullam
800 1618 1047 1651 differentiam
1082 1620 1168 1651 vidi.
1227 1621 1424 1662 Montagne
1452 1622 1540 1652 arti-

26 1669 126 1703 culos
152 1671 334 1706 ‹liametro
361 1674 531 1717 &quales⁷
558 1675 704 1718 Harvey
732 1676 1051 1719 sesquilongiores
1079 1679 1213 1721 speciei
1236 1678 1390 1721 tribuit·7
1418 1680 1454 1711 in
1477 1689 1542 1711 no-

26 1729 107 1760 stris
135 1732 232 1762 certe
258 1731 448 1774 longiores
475 1733 562 1765 vidi.

114 1787 311 1821 Crescendi
357 1791 468 1823 modo
507 1791 607 1823 velut
652 1790 931 1825 characteribus
977 1793 1021 1825 ad
1062 1795 1098 1826 P.
1140 1794 1371 1837 pulvinatam
1416 1795 1540 1826 forsan

24 1845 190 1885 proxime
222 1847 374 1880 accedit.
430 1848 605 1892 Cwspites
631 1850 753 1882 minus
780 1850 885 1882 densi
911 1854 1093 1894 apparent
1116 1856 1228 1896 alque
1256 1853 1380 1885 colore
1408 1852 1539 1884 obsen-

26 1901 120 1934 riore
146 1904 320 1947 insignes.

26 2051 87 2092 48.
121 2054 163 2092 P.
195 2067 351 2093 DEns'rA
395 2055 541 2106 (Wolf.
584 2056 712 2106 Orypt.
751 2070 837 2106 aqu.
868 2072 909 2107 p.
944 2059 1014 2109 25)
1059 2061 1224 2113 coespite
1270 2063 1538 2105 erectinsculo

132 2120 395 2169 fuscescente‚
442 2123 520 2161 filis
558 2137 580 2162 a
616 2124 703 2163 basi
748 2126 969 2166 articulatis
1016 2129 1063 2166 ad
1111 2129 1297 2179 genicula
1344 2131 1540 2171 inferiora

132 2188 308 2235 nodosis,
340 2202 447 2241 saepe
472 2191 758 2238 indicantibus,
784 2193 1329 2246 decomposito-dieliotomis
1359 2198 1539 2249 virgatis,

132 2255 296 2293 ramulis
339 2256 462 2308 longe
508 2258 722 2296 attenuatis
774 2261 1004 2310 patentibus
1049 2263 1163 2314 vagis
1211 2264 1540 2316 simpliciusculis

133 2326 200 2360 aut
242 2334 362 2374 parce
408 2323 648 2370 ramellosis‚
693 2325 873 2364 articulis
911 2327 1169 2380 4-siplioniis‚
1208 2331 1410 2382 primariis
1453 2333 1535 2370 dia-

135 2391 259 2427 metro
290 2388 497 2441 4-—8-plo‚
528 2391 774 2429 ramulorum
800 2392 923 2444 duplo
950 2393 1217 2446 longioribus,
1243 2397 1535 2449 sphzerosporis

134 2453 171 2492 in
203 2455 368 2494 ramulis
397 2455 576 2495 distortis
608 2458 854 2506 subseriatis,
885 2460 1133 2500 kei-amidiis.
1166 2492 1174 2501 .
1207 2493 1216 2501 .
1248 2493 1257 2502 .

137 2556 294 2597 Formae
324 2563 434 2597 sunt:

30 2644 68 2670 α.
97 2645 250 2673 DEUSTA
279 2635 480 2688 primariis
512 2636 590 2675 filis
621 2638 992 2688 subaraehnoideis,
1022 2642 1187 2680 ramulis
1216 2643 1414 2694 elongatis
1436 2647 1536 2685 mol-

138 2700 253 2740 libus.

118 2777 219 2811 Cons.
247 2780 379 2814 deusta
413 2778 522 2823 Wulf.
550 2780 572 2814 l.
599 2790 627 2814 e.

117 2836 238 2880 Polys.
265 2838 393 2871 deusta
419 2837 451 2872 J.
480 2838 547 2881 Ay.
575 2838 655 2881 Aly.
682 2839 770 2874 med.
792 2849 833 2882 p.
861 2840 945 2873 1251

119 2893 156 2926 P.
182 2895 378 2930 Morisiana
403 2895 435 2931 J.
462 2896 531 2939 Ay.
558 2895 639 2940 Azy.
665 2897 754 2932 med.
775 2907 816 2940 p.
843 2898 925 2931 128!

123 2949 181 2983 IV.
1402 2960 1447 2994 64
