1728 3110
17 120 265 176 Rytz'phloea.
622 113 904 154 limonium.
1407 110 1460 151 40
1471 111 1494 153 9
1509 109 1525 150 1

124 245 225 284 Hab.
258 245 307 284 ad
338 244 489 284 insulas
521 242 789 282 Canarienses
820 242 1028 290 (Webbl).

106 338 224 371 Frons
263 338 350 373 (sec.
388 337 605 378 Montagne)
645 335 724 367 basi
763 333 863 366 nuda·
901 335 1091 374 continua,
1128 344 1287 377 pennam
1324 334 1535 366 anserinam

20 405 147 434 crassa,
185 395 281 427 elata
314 398 349 426 et
383 394 645 427 ramosissima.
700 393 805 425 Rami
839 391 993 424 ramulis
1030 392 1239 424 minoribus
1264 391 1377 424 dense
1404 391 1535 434 obsiti·⁷

20 453 149 486 ramuli
186 463 318 485 revera
356 442 584 485 secur'ffiatim
623 450 802 493 dispositi,
843 460 974 492 nempe
1007 450 1114 482 initio
1143 449 1281 491 singuli
1308 452 1370 482 aut
1398 451 1536 491 gemini

20 513 193 545 interiore
229 511 342 543 latere
382 511 651 554 provenientes,
685 509 821 540 sensim
856 509 891 540 in
920 507 1035 540 axilla
1061 507 1277 540 fasciculum
1306 508 1537 541 ramulorum

21 572 244 615 generantes,
277 570 339 612 qui
374 579 440 602 suo
477 569 607 601 ordine
635 566 865 600 ramulorum
895 577 988 599 nova
1015 567 1109 598 serie
1137 567 1315 599 interiore
1342 566 1458 599 latere
1485 568 1539 599 in-

22 631 226 662 struuntur.
284 628 467 659 Prwterea
500 628 534 659 in
569 625 723 658 ramulis
751 625 954 657 obveniunt
982 624 1149 657 fasciculi
1177 625 1369 657 secundati
1397 624 1538 657 distan-

22 691 73 720 tes
113 688 386 722 111111011101·11111;
430 688 596 717 ramenta
635 683 788 717 ramulis
828 683 944 716 11111110
983 684 1166 718 tenuiora.
1204 694 1249 716 ex
1287 684 1418 717 eodem
1456 683 1539 717 loco

23 746 126 790 plura
157 745 422 787 provenientia,
454 745 616 782 incurva,
650 746 756 775 extus
783 743 877 774 serie
904 742 1102 783 gibbarum
1130 743 1299 782 c1·istata;
1326 742 1446 785 gibba]
1474 743 1540 774 mi-

22 808 125 843 nuta,
160 803 310 846 oblique
349 805 475 837 ovatae,
509 801 655 844 apiculo
684 803 792 833 unico
826 804 1019 843 superata,
1052 804 1117 833 aut
1143 800 1314 843 pluribus
1340 802 1428 844 ipsae
1456 801 1540 833 sub-

23 863 189 895 cristatae.
247 862 415 893 sectione
445 860 686 893 transversali
714 860 859 898 ramuli,
888 859 1064 903 siphones
1092 859 1357 903 pericentrales
1384 861 1403 892 5
1430 860 1542 903 adpa-

23 924 102 954 rent
126 920 333 953 minoribns
360 924 395 952 et
422 923 537 952 strato
570 919 736 952 0011101111
764 919 896 961 01110113
933 918 1023 951 tubo
1050 917 1205 950 centrali
1233 918 1542 960 pericentralibus

24 979 137 1012 multo
164 979 391 1020 angustiore.

114 1036 324 1080 Adspectus
364 1037 438 1069 sere
474 1037 559 1078 Ryt.
593 1035 844 1079 pinastroides
876 1038 940 1068 aut
971 1036 1012 1069 R.
1045 1035 1159 1075 elatae,
1186 1036 1364 1068 ramentis
1390 1035 1435 1068 ab
1465 1045 1542 1067 om-

24 1095 130 1128 nibus
168 1095 354 1128 distincta.
408 1096 461 1128 De
494 1095 702 1127 differentia.
735 1095 902 1136 specifica
936 1098 1110 1127 caeterum
1144 1095 1312 1128 conferas
1339 1106 1420 1138 qua-
1447 1095 1544 1126 infra

25 1155 65 1188 R.
93 1155 374 1187 semicristatam
401 1154 574 1186 dixerim.
600 1154 642 1186 R.
659 1153 879 1197 episcopalis
906 1153 951 1185 ad
980 1154 1120 1196 species
1148 1153 1217 1186 sibi
1245 1154 1435 1197 proximas
1463 1162 1542 1185 sese

26 1212 142 1252 habet,
168 1223 242 1256 quo
270 1212 380 1245 modo
406 1212 447 1245 R.
474 1212 719 1244 semicristata
744 1211 789 1244 ad
815 1212 857 1244 R.
887 1212 1112 1244 tinctoriam.

26 1343 61 1382 5.
92 1342 139 1381 R.
172 1353 398 1380 CsESPITOSA
433 1340 568 1390 (Hook.
600 1342 634 1378 et
662 1340 784 1377 Ham
813 1342 939 1388 mser.)
978 1339 1122 1378 fronde
1160 1338 1421 1377 teretiuscula
1450 1338 1545 1377 111110

133 1408 475 1448 subcanaliculata
528 1407 724 1459 pinnatim
770 1419 929 1445 ramosa
982 1405 1205 1458 fastigiata,
1256 1406 1439 1458 apicibus
1485 1405 1544 1444 in-

136 1489 278 1522 curva,
316 1476 438 1514 ramis
476 1473 769 1526 subgeminatis
808 1473 1038 1512 secundatis
1077 1472 1431 1519 obfusiformibus,
1476 1472 1545 1510 sti-

134 1544 280 1582 chidiis
317 1543 367 1582 ad
408 1543 546 1582 basem
575 1555 777 1581 ramorum
819 1540 996 1593 pinnatis
1036 1540 1260 1579 lancoideis
1298 1540 1545 1585 11011-1100515,

134 1611 371 1650 keramidiis
403 1641 411 1650 .
446 1642 452 1649 .
486 1641 494 1650 .

117 1702 350 1736 Rhodomela
376 1702 568 1745 0105011050
593 1698 710 1733 Hoolr.
738 1702 773 1733 et
794 1698 913 1732 Harv.
940 1708 1046 1733 mser.

134 1784 236 1823 Hab.
267 1784 317 1822 ad
349 1796 438 1822 oras
468 1782 598 1821 Novae
629 1780 839 1820 Zelandiae
870 1780 965 1828 (Hb.
997 1779 1200 1830 Harveyl)

118 1875 236 1907 Frons
263 1873 410 1905 videtur
437 1874 572 1905 eximie
599 1873 802 1916 ceespitosa,
835 1883 855 1905 a
882 1872 995 1915 plexu
1023 1871 1175 1904 radicali
1203 1880 1367 1913 surgens,
1400 1871 1547 1902 circiter

31 1932 353 1975 sesquipollicaris,
378 1941 536 1973 pennam
565 1932 792 1974 passerinam
830 1930 974 1963 inferne
1007 1939 1139 1970 crassa,
1172 1939 1321 1962 sursum
1352 1930 1389 1960 in
1417 1929 1547 1960 crassi-

31 1990 116 2022 tiem
154 1995 240 2022 50110
278 1992 488 2028 attenuata,
526 1988 605 2021 basi
642 1989 715 2021 ima
752 1988 1051 2032 simpliciuscula,
1090 1999 1177 2021 mox
1215 1988 1327 2020 ramis
1366 1987 1546 2031 pinnatim

32 2048 305 2089 egredientibus
339 2047 595 2080 conformibus
630 2048 827 2090 fastigiata,
853 2047 1021 2091 apicibus
1047 2048 1212 2080 incurva.
1263 2047 1369 2079 Rami
1397 2056 1417 2078 a
1443 2044 1546 2077 caule

32 2106 278 2147 teretiusculo,
317 2106 401 2139 hinc
440 2106 549 2149 plano
587 2109 649 2138 aut
683 2107 806 2139 forsan
844 2106 1176 2145 subcanaliculato‚
1210 2106 1387 2148 utrinque
1415 2114 1434 2136 a
1462 2102 1548 2135 sub-

32 2165 193 2206 margine
232 2164 475 2207 egredientes,
513 2164 761 2206 subgeminati
802 2167 837 2197 et
874 2166 1080 2197 introrsum
1118 2167 1388 2206 convergentes
1421 2161 1548 2194 subse-

33 2222 191 2263 cundati,
229 2226 557 2266 erecto-patentes,
596 2223 880 2266 simpliciusculi
914 2226 978 2256 aut
1010 2224 1149 2255 iterum
1182 2232 1278 2255 nova
1308 2222 1548 2253 5011010100-

33 2290 112 2313 rum
150 2282 329 2321 instructi,
370 2283 544 2325 utrinque.
570 2283 761 2321 attenuati,
794 2292 905 2325 supra
937 2282 1099 2314 medium
1135 2282 1344 2320 crassiores,
1377 2279 1548 2311 teretius-

34 2338 112 2378 euli,
134 2338 303 2381 juniores
342 2340 474 2372 saltem
512 2341 722 2372 acuminati.
784 2339 964 2373 Stichidia-
1001 2340 1045 2372 ad
1079 2350 1202 2372 ramos
1235 2336 1549 2382 simpliciusculos

0 2388 1 2401 ¹
35 2405 143 2440 Supra.
179 2397 303 2430 basem
345 2408 553 2437 numerosa,
586 2400 688 2441 parte
723 2400 815 2431 rami
842 2399 1034 2441 superiore
1062 2397 1180 2430 sterili
1206 2397 1318 2439 longe
1345 2395 1548 2439 superemi-

0 2446 1 2449 ¹
34 2458 153 2497 nente,
186 2458 366 2500 pinnatim
394 2457 583 2500 disposita,
610 2457 708 2490 latus
734 2458 891 2490 interius
918 2458 1113 2495 servantia,
1139 2457 1219 2499 ipsa
1247 2454 1369 2487 trifida
1394 2457 1459 2486 aut
1485 2463 1549 2496 po-

35 2515 107 2546 tius
131 2516 167 2547 in
194 2515 340 2548 ramulo
377 2515 483 2548 brevi
521 2516 702 2558 pinnatim
729 2515 918 2559 disposita,
952 2515 1154 2553 lancoidea,
1188 2513 1464 2557 sphrrrosporas
1491 2515 1549 2543 ut-

36 2573 162 2616 rinque
207 2583 406 2606 verrucose
445 2573 677 2616 prominulas
723 2584 787 2616 per
828 2574 1015 2617 duplicem
1058 2574 1191 2605 seriem
1234 2570 1549 2614 longitudinalem

38 2629 240 2674 dispositas,
278 2631 421 2664 alterne
461 2633 713 2674 suprapositas
753 2633 927 2665 foventia.
989 2632 1158 2664 Sectione
1193 2631 1285 2663 rami
1321 2630 1475 2662 minoris
1502 2630 1549 2661 si-

38 2686 173 2729 phones
207 2689 470 2733 pericentrales
504 2689 542 2727 4,
579 2691 715 2722 cortice
748 2691 858 2722 cincti
891 2689 1091 2732 adparent3
1131 2689 1169 2720 in
1201 2689 1312 2720 ramis
1347 2686 1550 2729 majoribus

39 2748 233 2780 sectionem
261 2748 543 2781 canaliculatam
571 2747 658 2780 vidi.
706 2747 850 2781 Chartae
878 2749 940 2780 vix
966 2746 1140 2780 adharet.
1191 2745 1302 2779 Color
1328 2746 1550 2778 fuscescens.

127 2805 181 2837 Ex
218 2806 483 2838 ramificatione
524 2807 602 2837 tota
638 2805 792 2848 adparet
826 2805 920 2838 hanc
954 2814 1032 2837 esse
1064 2803 1282 2847 Rytiphlaea:
1309 2813 1376 2835 nec
1401 2802 1551 2836 Rhodo-

40 2861 139 2894 melae
171 2865 342 2906 speciem.
397 2863 431 2897 A
458 2862 679 2906 Rytiphlaeis
706 2873 794 2896 vero
821 2864 943 2896 distel-t
969 2861 1237 2905 spheerosporis
1270 2871 1343 2893 11011
1371 2861 1550 2904 oppositis

129 2920 190 2952 IV.
1416 2918 1457 2950 72
