1728 3110
86 121 281 164 Claudat.
683 122 964 166 Raononntnffi.
1470 128 1485 167 4
1500 126 1523 168 2
1536 128 1557 168 7
1570 129 1592 169 5

78 260 172 285 num
204 248 535 287 subarticulatum
569 254 639 288 aut
666 255 893 290 transverse
925 259 1124 302 zonatum,
1156 257 1313 295 cellulis
1344 257 1501 295 seriatis
1530 269 1594 295 zo—

77 328 147 352 nas
180 316 344 366 oblique
375 329 398 353 a
428 320 539 354 costa.
570 318 703 356 media
748 319 959 358 articulata
1003 335 1141 361 versus
1185 323 1387 375 margines
1426 324 1593 362 adscen-

77 382 218 420 dentes
249 382 529 421 formantibus.
590 384 792 436 Margines
824 386 939 435 hujus
970 388 1057 426 folii
1089 390 1237 428 sensim
1269 395 1531 429 recurvantur
1556 395 1595 428 et

76 462 98 486 a
128 449 263 488 media
294 453 418 496 costa,
450 463 541 500 qil-ze
574 452 616 489 tit
646 451 722 491 hoc
753 453 873 491 modo
905 468 1062 506 supera,
1095 457 1220 495 series
1250 457 1481 496 foliolorum
1501 471 1592 509 pro-

77 515 315 554 liticantium
345 540 398 546 -Μ
430 530 579 569 nempe
611 531 633 555 a
664 519 833 570 singulis
872 521 1050 560 articulis
1094 528 1217 562 costae
1258 524 1415 576 singula
1446 550 1499 554 ——
1529 539 1591 564 or-

75 584 169 622 dine
200 598 220 622 a
259 585 343 624 basi
390 585 665 623 adscendente
710 593 937 637 generatur.
998 591 1041 627 In
1089 591 1148 628 liis
1194 591 1344 630 foliolis
1388 593 1592 644 margines

75 652 219 689 eodem
252 652 372 691 modo
403 657 666 691 recurvantur
697 658 736 691 et
765 668 787 691 a
818 659 930 693 costa
960 670 1062 694 nova
1093 657 1325 696 foliolorum
1357 660 1481 698 series
1513 660 1591 699 ori-

74 722 149 763 tur,
190 731 278 769 qua¹
324 719 472 756 sensim
519 719 661 758 eodem
708 721 828 760 modo
876 722 1153 774 decomposita
1199 724 1254 763 fit.
1313 726 1469 765 Foliola
1501 731 1592 765 sunt

74 784 190 824 initio
221 786 395 823 invicem
429 786 569 832 libera,
603 792 643 825 ut
675 791 808 825 autem
860 789 999 828 foliola
1047 790 1161 828 unius
1203 791 1290 829 folii
1321 792 1591 843 prolificantia

74 852 326 904 elongantur,
357 852 507 890 sensim
540 857 710 905 tangunt
740 855 881 893 folium
914 856 1101 907 proxime
1132 870 1319 909 superum
1352 864 1497 896 etcum
1515 860 1591 898 hoc

72 920 318 959 anastomosi
350 924 576 958 nectuntur.
631 922 802 960 Foliolis
833 923 970 972 itaque
1001 924 1050 962 ab
1083 925 1239 976 origine
1272 926 1423 969 liberis,
1441 927 1589 965 sensim

73 987 271 1033 connatiS,
303 992 384 1026 tota
423 1001 513 1040 pars
559 989 779 1027 fenestrata
823 989 977 1028 frondis
1022 991 1227 1030 formatur.
1286 994 1443 1033 Foliola
1474 1006 1589 1046 supe-

72 1054 190 1094 rioris
222 1055 375 1093 ordinis
408 1056 491 1094 fere
523 1057 640 1108 plana
673 1061 938 1108 generantur;
985 1058 1114 1095 ultimi
1159 1060 1452 1111 penultimique
1484 1062 1589 1100 ordi-

72 1123 132 1160 nis
163 1123 247 1161 fere
279 1123 488 1162 tilisormia
519 1128 587 1161 aut
617 1125 753 1161 basem
787 1137 925 1162 versus
970 1125 1089 1176 paulo
1131 1126 1309 1172 dilatata,
1341 1127 1477 1165 omnia
1508 1129 1587 1166 cel-

72 1191 152 1229 lula
195 1191 398 1229 terminali
444 1192 597 1240 majore
642 1192 868 1230 terminata.
938 1192 1225 1231 Sululivisione
1270 1194 1385 1245 liujus
1430 1195 1587 1233 cellulae

70 1259 293 1297 termina-lis
324 1259 581 1297 transversali
615 1259 773 1297 articuli
820 1259 1033 1299 inferiores
1079 1261 1226 1298 sensim
1259 1261 1462 1311 ‹1›riuntu1-;
1494 1263 1587 1300 arti-

70 1326 149 1363 culi
180 1325 220 1363 in
254 1326 406 1365 foliolis
438 1326 695 1365 tiliformibus
735 1326 897 1364 indivisi
945 1332 1128 1377 manent&
1174 1328 1215 1365 in
1247 1328 1421 1366 dilatatis
1453 1329 1586 1368 subdi-

69 1393 278 1431 viduntur:
323 1393 482 1431 cellula*
529 1394 677 1432 media-3
722 1397 873 1432 costam
915 1394 1111 1440 efficiunt,
1144 1395 1329 1433 laterales
1362 1400 1587 1434 transversa

69 1459 294 1499 directione
326 1460 412 1498 folii
446 1460 646 1511 elongata?
679 1466 719 1498 et
749 1474 820 1500 suo
860 1461 1002 1499 ordine
1033 1466 1257 1499 transverse
1291 1462 1431 1501 divisa]
1463 1464 1585 1501 cellu-

70 1526 127 1563 las
159 1532 282 1565 costae
314 1527 466 1565 vicinas
498 1528 623 1579 ipsius
662 1528 821 1579 pagina]
854 1529 1113 1567 constituimt.
1176 1529 1462 1569 Subdivisione
1493 1531 1586 1569 arti-

70 1595 265 1640 culorum,
297 1595 365 1645 qui
396 1600 547 1634 eostam
581 1596 776 1641 efliciunt⁷
818 1596 930 1646 quasi
971 1597 1069 1634 rami
1100 1611 1122 1634 a
1153 1597 1298 1648 pagina
1332 1602 1585 1649 emergentes

69 1662 264 1708 oriuntur,
298 1663 447 1700 sensim
479 1662 516 1700 in
552 1676 696 1700 novam
729 1663 873 1700 seriem
908 1663 1138 1702 foliolorum
1171 1668 1465 1702 excrescentes.

176 1730 426 1769 Foliolorum
461 1729 664 1781 margines
708 1730 907 1768 recurvati
955 1731 1128 1781 impares
1173 1731 1388 1782 adpai·ent;
1421 1745 1497 1769 una
1528 1732 1583 1770 la-

67 1798 145 1836 tior
174 1799 279 1836 alam
312 1797 439 1836 eflicit
468 1797 794 1849 angustissimam
827 1797 1070 1848 contiguam,
1110 1811 1187 1847 qua
1218 1798 1327 1836 frons
1358 1798 1451 1836 hinc
1481 1812 1583 1836 mar-

67 1864 202 1915 ginata
234 1865 420 1916 adparet;
452 1865 574 1902 altera
609 1864 739 1903 adhuc
775 1865 982 1915 angustior
1020 1864 1169 1902 sensim
1201 1864 1383 1903 obsoleta
1413 1865 1583 1904 videtur.

66 1931 227 1970 Fronde
266 1931 439 1980 juvenili
486 1932 809 1969 transversaliter
865 1936 971 1969 secta
1022 1935 1188 1979 utraque
1233 1931 1420 1982 adparet;
1466 1932 1584 1970 latior

66 2011 212 2050 nempe
243 1997 352 2035 linea
382 1998 467 2035 fero
498 2002 605 2036 recta
637 2012 660 2036 a
691 1999 825 2036 media.
856 2003 968 2050 parte
999 1998 1218 2036 incrassata
1248 2011 1480 2045 excurrens,
1514 2012 1581 2037 an-

66 2065 221 2116 gustior
251 2065 399 2115 angulo
432 2065 551 2107 tlexa,
583 2078 605 2103 a
635 2070 747 2116 parte
779 2066 998 2103 incrassata
1041 2066 1159 2104 aliam
1201 2078 1363 2104 servans
1394 2066 1580 2104 directio-

66 2145 171 2170 nem.
244 2131 408 2170 Alarum
464 2132 668 2183 margines
714 2133 1182 2181 submonostromatica—;
1228 2133 1446 2171 incrassata
1489 2145 1580 2184 pars

65 2199 223 2237 cellulis
256 2199 363 2236 circa
407 2199 628 2236 centralem
672 2199 933 2238 interim-ibus
979 2200 1216 2245 numerosis,
1255 2203 1292 2237 et
1324 2198 1579 2237 corticalibus

64 2267 433 2305 monostromaticis
481 2267 710 2305 constituta.
773 2267 945 2305 Cellulae
989 2267 1141 2304 alarum
1173 2280 1194 2304 a
1225 2265 1437 2317 superficie
1481 2266 1579 2304 visa:

65 2333 441 2384 subrectangulares
473 2338 512 2371 et
543 2334 758 2386 contiguae.

176 2401 374 2440 Stichidia
404 2400 574 2439 formam
606 2401 751 2448 folioli,
782 2402 894 2452 cujus
926 2399 1238 2451 metamorphosi
1270 2403 1355 2436 orta
1372 2401 1474 2443 sunt,
1494 2398 1577 2435 fere

65 2472 328 2517 conservant;
360 2472 451 2505 sunt
481 2467 615 2517 itaque
647 2469 739 2507 hinc
771 2468 987 2506 incrassata
1021 2471 1061 2503 et
1091 2466 1367 2516 subangulata,
1398 2464 1512 2502 illinc
1535 2465 1575 2502 in

64 2535 288 2587 marginem
319 2538 536 2581 attenuata,
567 2536 816 2574 adhaerentia
845 2535 960 2586 apice
991 2538 1160 2583 utroque
1192 2540 1355 2582 (nempe
1387 2531 1485 2569 folio
1516 2531 1575 2568 in-

64 2604 226 2649 feriore,
258 2616 279 2640 a
311 2615 389 2653 quo
421 2607 706 2654 provenerunt,
726 2608 766 2641 et
796 2601 1016 2653 superiore,
1035 2599 1097 2637 cui
1116 2598 1363 2648 adglutinata
1391 2597 1574 2641 suerint).

65 2671 368 2723 Sphaerosp01·‘<e
400 2670 441 2708 in
471 2674 585 2722 parte
616 2670 835 2709 incrassata
865 2668 1060 2715 ev‹.›lutze;
1091 2678 1237 2717 nempe
1254 2664 1295 2702 in
1315 2664 1425 2702 zonis
1449 2668 1573 2702 trans-

63 2738 287 2777 versalibus
318 2737 448 2777 folioli
480 2739 731 2777 transmutati
763 2741 881 2782 nat-ae,
927 2741 1095 2784 utroque
1140 2734 1265 2771 latere
1295 2736 1417 2770 costae
1449 2732 1573 2769 series

63 2804 229 2855 oblique
258 2804 547 2842 transversales
595 2804 797 2853 efficiunt;
843 2800 1041 2852 ejusmodi
1085 2799 1195 2838 zonis
1224 2798 1405 2850 pluribus
1436 2810 1572 2849 super-

62 2871 203 2924 positis
235 2875 274 2909 et
303 2869 652 2922 longitudinaliter
682 2868 949 2923 pluriseriatae
980 2867 1210 2918 adpareant.
1257 2863 1572 2915 Spliaerosporae‚

1417 2940 1479 2975 82*
