1728 3110
80 138 330 198 Wranqelia.
694 138 968 182 VVRANGELOEAE.
1499 141 1590 205 709

69 273 170 315 parte
196 273 407 305 ramulorum
433 272 613 314 conspicui
640 273 675 304 et
700 271 951 313 subdenudati3
983 273 1118 306 articuli
1144 272 1386 314 penicillorum
1411 270 1592 313 praelongi.

70 333 292 374 Cystocarpia
328 333 360 364 in
397 331 537 364 ramulis
572 331 775 373 terminalia,
811 331 961 363 ramellis
989 332 1158 372 elongatis
1184 332 1338 365 incurvis
1364 330 1593 372 involucrata,

70 390 265 431 gemmidiis
291 390 461 432 plurimis,
488 389 595 421 dense
620 390 770 431 stipatis,
797 398 815 421 a
837 392 956 421 centro
975 389 1200 433 radiantibus,
1217 390 1374 423 obovatis
1390 390 1591 422 constituta.

69 449 267 482 Antberidia
296 450 328 482 in
355 447 505 481 ramellis
532 447 743 479 abbreviatis
779 448 1025 480 verticillorum
1053 449 1258 491 terminalia,
1286 449 1400 491 pinnis
1426 445 1591 478 brevibus

71 509 240 551 oppositis
266 507 491 547 involucrata,
517 505 700 547 sphaerica,
727 506 860 538 cellulis
884 509 941 538 aut
957 506 1022 537 filis
1038 506 1252 538 brevissimis
1268 508 1410 539 clavatis
1429 513 1446 537 a
1462 507 1592 547 puncto

70 567 213 600 centrali
253 564 466 597 radiantibus
504 565 704 605 constituta,
744 564 841 595 valde
881 565 1083 606 conspicua,
1123 565 1341 605 lutescentia,
1381 565 1412 595 in
1450 561 1591 594 ramulis

65 624 262 667 junioribus
287 623 446 665 plurima.
495 621 758 663 Spbaerosporae
786 622 1023 662 magnitudine
1050 622 1334 665 antberidiorum‚
1360 622 1525 653 interiore
1541 620 1592 651 la-

71 687 142 716 tere
177 681 394 714 ramellorum
421 679 519 721 juxta
552 680 650 712 basin
684 680 838 723 ses-siles,
866 681 954 712 intra
980 681 1216 722 perisporium
1244 680 1396 721 amplum
1422 678 1592 718 triangule

70 742 202 774 divisae.
260 739 361 772 Color
394 740 544 771 recentis
579 738 706 780 pallide
733 740 932 781 coccineus,
959 740 1198 771 exsiccatione
1225 737 1410 779 sordidior,
1437 744 1531 777 sirpe
1558 736 1591 767 in

68 800 207 833 lividum
234 798 392 830 tendens.
442 796 576 829 Chartae
604 798 799 830 arctissime
826 797 992 829 adhaeret.

162 855 230 887 Wr.
256 858 373 888 tenera
400 855 457 899 Ay.
484 857 539 888 vix
564 856 629 888 nisi
657 855 852 888 differentia
880 857 993 888 aetatis
1020 865 1038 888 a
1065 854 1133 887 Wr.
1159 854 1360 897 penicillata
1387 854 1446 894 Ag.
1474 853 1591 885 distat.

69 915 137 947 Wr.
164 915 368 947 verticillata
394 913 508 957 Ii‘utz„
535 914 617 946 mihi
643 915 736 947 nullo
763 916 956 956 specimine
984 915 1133 956 cognita,
1171 913 1285 956 quoad
1317 911 1591 952 descriptionem

69 973 159 1006 baud
185 973 320 1005 diversa
347 972 428 1005 mibi
456 975 611 1014 apparet.
650 972 897 1006 Confusionem
925 983 941 1005 a
967 973 1067 1016 Duby
1094 973 1219 1006 factam
1246 972 1347 1014 hujus
1363 970 1494 1013 speciei
1512 978 1592 1001 cum

68 1032 179 1074 Dasya
215 1030 364 1074 quadam
401 1032 434 1063 in
471 1029 583 1073 Symb.
621 1031 642 1064 l.
680 1042 710 1065 c.
749 1032 936 1074 corrigere,
975 1034 1009 1064 et
1043 1032 1288 1064 conclusiones
1315 1028 1394 1061 inde
1421 1026 1590 1059 deductas

68 1089 217 1123 refutare
254 1092 399 1122 conatus
437 1098 524 1122 sum.
586 1089 732 1122 Fructus
766 1093 933 1122 caeterum
959 1099 976 1122 a
1003 1090 1102 1132 Duby
1127 1089 1218 1122 baud
1246 1088 1334 1121 male
1362 1085 1531 1126 descripti
1557 1085 1592 1115 et

67 1150 266 1193 analysibus
292 1157 397 1190 supra
424 1149 539 1181 citatis
566 1148 649 1190 (nec
676 1149 771 1190 aliis)
799 1149 973 1181 illustrati.

68 1276 101 1314 6.
133 1279 208 1315 WB.
240 1285 373 1314 nonius
414 1274 550 1319 (Hoolc.
583 1279 619 1312 et
651 1275 768 1313 Harv.
800 1275 881 1323 Alq.
917 1276 1039 1312 Tasm.
1070 1285 1135 1314 ηπ)
1167 1274 1238 1322 94)
1271 1273 1467 1312 frondibus
1498 1284 1589 1310 cor-

176 1344 296 1380 ticatis
334 1343 587 1392 subpinnatim
627 1344 785 1380 ramosis
822 1343 1094 1392 decompositis
1126 1347 1162 1379 et
1194 1343 1236 1379 ad
1268 1343 1439 1390 genicula
1470 1342 1589 1379 verti-

176 1411 328 1448 cillatim
362 1410 569 1448 ramellosis
599 1411 705 1459 apice
737 1411 973 1461 penicillatis,
1006 1412 1168 1449 ramellis
1193 1413 1336 1448 alterno
1355 1409 1590 1459 subpinnatis

176 1491 194 1515 a
226 1478 301 1515 basi
332 1478 375 1514 ad
408 1478 552 1526 apicem
593 1478 758 1515 crassitie
788 1479 1006 1528 aequalibus,
1037 1479 1225 1516 terminali
1257 1479 1415 1515 articulo
1446 1478 1588 1515 acutis-

175 1547 291 1595 simo,
344 1546 508 1583 articulis
554 1547 798 1584 ramellorum
842 1546 886 1583 ad
934 1546 1104 1594 genicula
1150 1545 1351 1584 contractis
1403 1544 1588 1582 diametro

178 1613 347 1662 4——6plo
380 1613 626 1661 longioribus.

157 1690 226 1722 Wr.
253 1690 379 1723 nobilis
405 1688 511 1723 Hook.
538 1692 571 1723 et
596 1690 703 1724 Harl).
731 1691 751 1723 l.
777 1701 805 1724 c.
832 1690 932 1724 Keilz.
961 1701 1010 1735 sp.
1032 1701 1066 1735 p.
1096 1690 1177 1724 665!

177 1761 261 1799 Hab.
293 1761 336 1798 ad
369 1773 453 1799 oras
484 1762 689 1799 'l‘asnianiae
721 1763 905 1811 (Gunnl).

157 1839 281 1873 Caules
322 1838 402 1870 elati
441 1838 774 1882 6——42-pollicares,
808 1842 967 1873 crassitie
993 1850 1118 1883 pennae
1146 1840 1367 1882 columbinae,
1394 1840 1499 1873 ramis
1524 1848 1588 1882 pa-

65 1898 217 1931 tentibus
242 1895 478 1930 conformibus
505 1896 748 1939 decompositi,
775 1899 917 1931 ramulis
943 1899 1170 1941 pollicaribus
1196 1907 1349 1940 superne
1364 1899 1472 1931 dense
1487 1899 1588 1940 peni—

65 1956 188 1988 cillatis
215 1955 344 1988 ambitu
371 1955 612 1997 cylindraceis.
663 1956 816 1989 Penicilli
843 1958 1023 1990 verticillis
1050 1958 1302 1999 adproximatis
1327 1958 1485 1998 plurimis
1511 1958 1588 1989 orti.

63 2014 205 2047 Ramelli
232 2014 481 2047 verticillorum
506 2015 637 2047 alterne
653 2016 795 2057 pinnati,
811 2017 926 2057 pinnis
941 2016 1227 2058 simpliciusculis
1243 2015 1586 2058 erecto-patentibus

64 2081 83 2105 a
109 2072 184 2105 basi
211 2073 253 2105 ad
279 2073 415 2114 apicem
441 2074 600 2105 crassitie
627 2073 891 2115 subaequalibus
919 2075 971 2107 vel
1000 2075 1129 2107 rectius
1156 2075 1359 2114 longissime
1386 2075 1586 2116 attenuatis,

65 2132 209 2165 articulo
240 2132 411 2164 terminali
445 2133 657 2179 acutissimo.
711 2133 855 2166 Articuli
881 2135 915 2166 in
942 2134 1041 2166 caule
1068 2134 1243 2175 ramisque
1270 2134 1441 2174 corticati,
1468 2133 1501 2164 in
1530 2141 1586 2164 ra-

66 2189 176 2221 mellis
214 2189 307 2232 nudi,
346 2191 388 2223 ad
425 2191 583 2231 genicula
617 2191 796 2224 evidenter
822 2194 1004 2235 contracti,
1033 2192 1201 2224 diametro
1228 2194 1266 2224 ut
1290 2191 1478 2233 plurimum
1506 2191 1585 2233 5plo

64 2247 250 2287 longiores.
299 2247 400 2280 Color
423 2249 568 2290 pulchre
595 2250 794 2283 coccineus.
844 2250 979 2283 Cbartae
1006 2252 1101 2283 arcte
1128 2250 1294 2283 adbaeret.

65 2452 118 2485 fia.
145 2451 495 2485 WR.J1·:ANNERETTI
532 2453 659 2495 (Hook.
696 2456 729 2488 et
768 2453 875 2489 Harv.
911 2455 982 2498 Alq.
1023 2454 1134 2488 Tasm.
1165 2464 1199 2488 n.
1239 2456 1301 2496 95)
1328 2453 1469 2487 '‘fronde
1495 2454 1584 2486 ultra

157 2511 295 2542 setacea
328 2509 416 2542 hirta
450 2512 666 2546 inarticulata
692 2513 824 2547 nodosa
850 2515 1076 2555 cartilaginea
1103 2514 1181 2546 laxe
1206 2512 1583 2555 pinnato-dichotoma,

156 2569 261 2599 ramis
301 2568 585 2611 subsimplicibus
623 2571 733 2614 hirtis,
760 2572 958 2614 junioribus
985 2581 1002 2604 e
1029 2572 1129 2605 nodis
1156 2571 1395 2616 superioribus
1422 2569 1582 2601 ramelias

154 2624 255 2657 binos
291 2628 473 2667 oppositos
505 2629 756 2662 minutissimos
784 2638 923 2663 crassos
948 2630 1304 2672 tri-quadripinnatos
1333 2627 1583 2671 emittentibus,
1630 2651 1631 2654 η

156 2683 311 2715 articulis
338 2685 558 2718 ramellorum
583 2687 751 2721 diametro
778 2688 983 2730 aequalibus.

154 2740 224 2774 Wr.
250 2740 462 2775 Jeanneretti
489 2742 593 2777 Hoolc.
620 2747 652 2779 et
678 2745 784 2779 Harl).
814 2748 835 2779 l.
863 2757 891 2780 c.
918 2745 1018 2780 Ii‘t'llz.
1044 2746 1100 2790 Sp.
1128 2747 1197 2789 Aly.
1219 2756 1252 2788 p.
1281 2746 1357 2777 665.

155 2798 240 2831 Hab.
267 2801 308 2833 ad
337 2809 414 2834 oras
440 2801 630 2836 Tasmaniae
657 2804 903 2847 (Jeannerett).

155 2857 268 2889 Caulis
306 2858 604 2905 AE—G-pollicaris,
647 2866 720 2896 seta
759 2866 923 2907 crassior,
958 2863 1192 2903 irregulariter
1220 2869 1389 2895 ramosus.
1438 2862 1580 2896 Ramelli

64 2914 296 2960 minutissimi,
323 2917 598 2960 3--4ri-pinnati
624 2920 881 2962 pulcherrimi.'’
931 2921 1050 2956 Descr.
1078 2921 1178 2953 Auct.
1205 2922 1441 2964 transscripsi.
