1728 3110
169 144 221 187 12
236 146 289 186 10
784 146 1066 190 RHODOMELEAE.
1514 155 1677 211 Dasya.

268 277 342 316 bus
373 289 396 315 a
426 276 512 316 basi
544 277 867 330 monosiphoniis
896 277 1126 317 tenerrimis
1156 283 1272 318 acute
1301 280 1557 329 dichotomis,
1583 283 1675 321 arti-

269 343 370 381 culis
402 343 600 383 diametro
631 344 830 397 2-4-p10
861 344 1130 397 longioribus,
1162 345 1358 385 fructibus
1387 376 1396 386 .
1431 377 1441 387 .
1472 377 1481 387 .
1517 378 1526 387 .

251 423 376 465 Dasya
412 424 566 467 punicea
603 423 771 467 Meneqh.
807 434 912 458 mser.
952 423 1119 458 Zanard.
1144 423 1233 467 Syn.
1254 433 1295 467 p.
1321 425 1376 458 66.
1405 425 1530 461 Cellul.
1560 427 1676 463 Venet.

152 490 194 523 p.
220 481 280 514 33!
307 480 340 515 J.
367 481 435 525 Ay.
460 480 544 525 2429.
569 481 661 515 med.
681 491 721 524 p.
748 483 826 517 118.
853 482 966 517 Kutz.
991 482 1056 525 Sp.
1078 492 1119 525 1³·
1147 484 1230 519 796!

251 541 376 584 Dasya
400 541 511 584 plana
535 539 634 574 Dub.
668 540 777 575 Mem.
817 539 896 575 Cer.
932 544 1096 586 (partim,
1133 545 1192 588 Sp.
1231 546 1397 591 Tergest.
1436 546 1505 579 fide
1544 547 1672 589 spec.!)

158 609 224 632 nec
250 598 319 641 Ay.

265 668 368 708 Hab.
400 668 441 708 in
472 669 572 708 mari
604 670 801 710 adriatico
826 671 876 711 ad
893 671 1053 710 Trieste
1085 672 1152 722 (C.
1185 672 1368 725 Agardh!
1400 673 1674 724 Biasolettoi).

251 750 370 783 Frons
396 748 486 782 3-4
512 749 710 793 pollicaris,
736 751 879 784 inferne
907 752 1074 784 crassitie
1099 762 1227 796 pennae
1256 754 1464 796 passer-inae,
1491 764 1585 798 saepe
1611 755 1676 787 mi-

158 817 226 841 nor
252 810 288 840 et
314 809 470 848 tenuior,
508 807 727 841 densissime
765 819 921 849 ramosa,
959 811 1071 842 ramis
1109 820 1410 854 quoquoversum
1452 812 1677 845 exeuntibus

156 867 269 910 vagis,
283 865 486 909 majoribus
514 867 797 911 minoribusque
825 868 950 900 mixtis
976 868 1542 913 frutioulosa,autpyramidata.
1571 871 1677 903 Rami

157 924 314 967 majores
341 925 421 958 basi
447 925 662 958 nudiuseuli
687 929 751 958 aut
777 925 947 969 reliquiis
975 927 1238 969 penicillorum
1261 927 1498 970 delapsorum
1513 929 1677 972 inaequa-

156 984 219 1025 les,
257 994 416 1027 superne
454 984 558 1017 velut
595 985 688 1017 rami
726 984 888 1017 minores
929 986 1091 1018 maxima
1125 989 1227 1030 parte
1254 986 1409 1019 ramulis
1437 986 1678 1026 mollissimiS,

156 1053 346 1076 ramorum
372 1043 556 1076 diametro
597 1042 716 1075 multo
754 1043 999 1085 longioribus,
1037 1043 1126 1076 1-2
1157 1044 1272 1078 lineas
1300 1045 1433 1088 longis,
1460 1044 1680 1089 penicillati.

155 1101 325 1134 Penicilli
351 1103 487 1144 partim
514 1101 685 1145 apicales,
711 1102 847 1144 partim
878 1101 1064 1143 lateraleS,
1090 1113 1110 1135 a
1136 1106 1254 1136 strato
1282 1103 1449 1136 corticali
1464 1104 1676 1137 immediate

156 1162 342 1200 exeuntes,
369 1159 494 1203 plures
522 1170 617 1203 saepe
643 1160 689 1193 ad
716 1160 869 1192 eandem
895 1160 1032 1193 lineam
1060 1162 1347 1195 transversalem
1369 1164 1451 1203 orti,
1465 1164 1572 1207 quasi
1598 1173 1677 1195 ver-

156 1218 304 1251 ticillati
331 1221 396 1251 aut
422 1219 663 1251 saseiculatim
691 1220 868 1261 congesti,
895 1219 1039 1252 caulem
1068 1219 1123 1252 his
1138 1220 1228 1253 locis
1250 1221 1383 1254 leviter
1397 1221 1579 1255 nodosum
1595 1221 1675 1254 red-

155 1277 268 1320 dunt3
294 1288 314 1309 a
340 1277 419 1310 basi
446 1276 734 1321 monosiphonii,
759 1277 965 1310 dichotomi
996 1277 1121 1310 axillis
1157 1278 1294 1323 ubique
1321 1280 1552 1319 acutissimis,
1578 1289 1673 1311 nunc

156 1336 303 1379 singuli,
329 1347 427 1369 nunc
453 1336 581 1380 plures
608 1338 715 1380 quasi
742 1336 989 1379 conglutinati
1015 1340 1079 1370 aut
1105 1338 1331 1381 fasciculam,
1358 1339 1507 1372 articuli
1527 1338 1674 1371 filorum

155 1396 299 1428 inferne
327 1395 510 1429 diametro
538 1396 797 1440 sesqui-duplo
836 1396 1035 1439 longiores,
1073 1407 1232 1440 superne
1267 1399 1381 1441 magis
1409 1398 1573 1441 elongati
1599 1398 1674 1431 dia-

154 1458 276 1488 metro
302 1455 474 1498 3—4-p10
501 1455 703 1498 longiores.
752 1456 910 1489 Fructus
936 1456 1077 1488 frustra
1102 1457 1270 1500 quaesivi,
1320 1457 1536 1490 Substantia
1561 1458 1674 1497 firma,

155 1515 206 1547 ita
232 1517 274 1547 ut
299 1514 505 1547 madefacta
530 1524 551 1546 a
577 1513 704 1546 charta
730 1513 891 1546 solvitur
918 1516 954 1546 et
980 1513 1074 1546 bene
1101 1514 1333 1547 observatur.
1366 1514 1479 1548 Color
1503 1516 1674 1548 miniato-

156 1573 346 1616 puniceus.
397 1573 565 1605 Sectione
593 1571 835 1605 transversali
864 1573 957 1604 rami
985 1573 1140 1605 minoris
1167 1572 1340 1616 siphones
1367 1574 1674 1617 5liericentrales,

154 1632 199 1664 ab
227 1631 479 1664 exterioribus
507 1642 637 1674 parum
663 1631 830 1664 diversos
858 1631 952 1674 vidi3
980 1632 1015 1663 in
1044 1635 1148 1674 parte
1174 1631 1361 1665 adultiore
1387 1632 1490 1666 frons
1506 1635 1585 1666 tota
1605 1632 1674 1665 cel·

154 1690 276 1723 lulosa
302 1692 466 1733 apparet.

246 1749 290 1782 D.
317 1749 474 1792 punicea
499 1759 544 1780 ex
571 1759 645 1781 una
672 1750 774 1792 parte
801 1748 847 1781 ad
874 1749 917 1781 D.
947 1748 1153 1791 elegantem
1182 1749 1336 1782 ramulis
1363 1749 1593 1782 mollissimis
1614 1760 1674 1792 pe-

155 1806 332 1839 nicillatis
359 1807 521 1851 acceditg
561 1817 605 1839 ex
646 1806 762 1839 altera
788 1807 832 1839 D.
859 1805 1095 1849 hapalathrix
1124 1809 1294 1850 proxime
1321 1809 1450 1850 tangit.
1500 1807 1613 1840 Velut
1638 1808 1673 1839 in

155 1865 221 1898 hac
249 1867 368 1909 specie
395 1869 538 1899 tantum
567 1876 755 1898 ramorum
784 1875 868 1908 pars
895 1866 1066 1907 superior
1092 1865 1274 1908 penicillis
1305 1867 1438 1898 vestita
1463 1868 1528 1905 est,
1553 1868 1589 1897 et
1614 1876 1674 1908 pe-

155 1924 272 1956 nicilli
299 1924 493 1956 simillimi.
527 1924 570 1957 D.
598 1925 755 1966 punicea
781 1926 835 1955 est
862 1923 988 1966 planta
1014 1924 1145 1961 minor,
1173 1923 1324 1957 densius
1351 1934 1497 1957 ramosa
1521 1926 1558 1956 at
1583 1934 1673 1967 quo-

155 1982 355 2015 dammodo
382 1983 548 2023 solidior,
574 1985 705 2025 utpote
742 1984 821 2014 tota
847 1982 1036 2014 corticata.
1085 1982 1128 2015 D.
1155 1981 1392 2025 hapalathrix
1418 1982 1528 2015 habet
1554 1991 1672 2015 ramo-

155 2052 238 2073 rum
265 2044 408 2084 partem
436 2042 637 2073 maximam
664 2040 800 2073 nudam
835 2043 870 2072 et
897 2041 1049 2073 omnino
1075 2040 1359 2084 glaberrimam3
1388 2042 1425 2074 in
1449 2042 1493 2074 D.
1522 2042 1673 2085 punicea

154 2099 291 2132 ramuli
317 2099 491 2132 deorsum
517 2099 667 2141 longius
694 2097 934 2138 descendunt,
962 2101 997 2129 et
1022 2099 1119 2130 infra
1145 2098 1339 2142 penicillos
1366 2100 1522 2141 vestigia
1549 2098 1672 2141 delap-
1720 2126 1722 2132 ,

155 2167 283 2190 sorum
310 2157 394 2201 plus
421 2157 544 2189 minus
571 2157 733 2198 insignia
758 2156 894 2188 adsunt
921 2159 984 2188 aut
1011 2156 1145 2189 ramuli
1175 2158 1348 2190 minores.
1380 2156 1420 2190 In
1448 2158 1491 2190 D.
1518 2158 1672 2200 punicea

155 2215 292 2248 ramuli
318 2216 435 2257 magis
463 2214 706 2247 faseiculatim
746 2215 982 2257 proveniunt,
1020 2215 1161 2247 nodum
1199 2215 1256 2247 his
1288 2215 1380 2248 locis
1406 2217 1441 2248 in
1470 2215 1574 2248 caule
1599 2216 1670 2248 for-

155 2276 308 2314 mantes,
334 2274 420 2306 dum
435 2273 596 2317 (lenique
619 2272 817 2306 fasciculus
840 2274 975 2305 eminet
1003 2275 1089 2306 etin
1118 2284 1262 2306 ramum
1291 2275 1433 2307 transit.
1472 2275 1512 2307 In
1539 2275 1582 2307 D.
1610 2273 1670 2306 ha-

153 2331 358 2375 palathrice
385 2332 477 2364 rami
505 2332 667 2363 minores
693 2330 945 2374 polysiphonii
980 2333 1205 2374 proveniunt
1231 2334 1266 2364 et
1293 2332 1491 2372 articulati,
1518 2342 1564 2364 ex
1591 2332 1669 2375 qui-

154 2390 224 2423 bus
250 2389 386 2423 ramuli
410 2390 497 2422 novi
524 2390 709 2422 oriuntur.
760 2390 953 2422 Structura
981 2390 1140 2433 denique
1168 2390 1323 2430 diversa,
1351 2391 1379 2422 si
1395 2400 1526 2433 nempe
1548 2388 1669 2432 sipho-

155 2458 219 2481 nes
245 2448 510 2491 pericentrales
535 2447 557 2479 4
582 2448 618 2479 in
647 2458 729 2487 una,
758 2448 777 2479 5
803 2448 839 2479 in
866 2447 983 2479 altera
1010 2449 1129 2491 specie
1156 2449 1226 2480 rite
1255 2448 1420 2480 viderim.
1458 2449 1613 2481 Fructus
1633 2448 1668 2479 in

154 2507 197 2540 D.
225 2508 383 2550 punicea
409 2506 545 2539 detecti
571 2507 697 2539 forsan
723 2505 815 2538 alios
842 2505 1031 2549 praebeant
1049 2505 1290 2539 characteres.
1310 2507 1403 2539 —In
1425 2517 1491 2539 sua
1504 2507 1547 2539 D.
1563 2505 1668 2549 plana

154 2566 299 2599 fructus
326 2565 496 2609 depinxit
519 2565 651 2607 Duby3
678 2567 715 2596 at
741 2565 926 2607 specimen
955 2564 1139 2607 depictum
1168 2565 1209 2597 ad
1234 2564 1484 2597 D.oce11ata1n
1500 2564 1667 2607 pertinet,

154 2635 265 2667 quam
292 2635 375 2657 eum
403 2624 523 2667 specie
550 2623 729 2655 adriatica
756 2621 951 2654 identicam
979 2621 1121 2655 habuit.

153 2740 231 2772 30a.
258 2740 379 2772 DAsrA
406 2748 598 2771 sanonum
625 2735 762 2779 (Mont.
787 2733 847 2768 FZ.
873 2733 954 2777 Aly.
975 2743 1016 2776 p.
1042 2736 1104 2776 88)
1127 2735 1259 2768 fronde
1276 2734 1476 2777 sanguinea
1493 2732 1665 2766 continua

247 2798 357 2829 tereti
382 2796 557 2836 filisormi,
583 2795 712 2828 crebre
738 2793 951 2827 dichotoma
978 2804 1133 2834 ramosa,
1161 2794 1274 2826 ramis
1301 2792 1488 2836 spiraliter
1514 2791 1663 2824 alternis

247 2855 459 2899 patentibus
484 2854 649 2897 undique
683 2852 858 2886 ramellos
884 2851 1119 2885 dichotomos
1150 2850 1364 2884 articulatos
1390 2849 1662 2890 emittentibusz,

246 2913 413 2946 articulis
439 2913 623 2945 diametro
650 2911 821 2955 2-4-p10
848 2910 1104 2955 longioribus,
1130 2911 1254 2943 fructu
1281 2934 1287 2940 .
1315 2933 1322 2940 .
1353 2933 1361 2940 .
