<?xml version="1.0" encoding="UTF-8"?>
<!DOCTYPE html PUBLIC "-//W3C//DTD XHTML 1.0 Transitional//EN"
    "http://www.w3.org/TR/xhtml1/DTD/xhtml1-transitional.dtd">
<html xmlns="http://www.w3.org/1999/xhtml" xml:lang="en" lang="en">
 <head>
  <title>
</title>
<meta http-equiv="Content-Type" content="text/html;charset=utf-8" />
  <meta name='ocr-system' content='tesseract 3.04.00' />
  <meta name='ocr-capabilities' content='ocr_page ocr_carea ocr_par ocr_line ocrx_word'/>
</head>
<body>
  <div class='ocr_page' id='page_1' title='image "./speciesgeneraeto0203agar_0183.png"; bbox 0 0 1728 3110; ppageno 0'>
   <div class='ocr_carea' id='block_1_1' title="bbox 43 125 1549 184">
    <p class='ocr_par' dir='ltr' id='par_1_1' title="bbox 43 125 1549 184">
     <span class='ocr_line' id='line_1_1' title="bbox 43 125 1549 184; baseline -0.003 -12"><span class='ocrx_word' id='word_1_1' title='bbox 43 131 245 184; x_wconf 65' lang='lat' dir='ltr'>Bostrgeselz</span> <span class='ocrx_word' id='word_1_2' title='bbox 254 133 309 173; x_wconf 71' lang='lat' dir='ltr'>ia.</span> <span class='ocrx_word' id='word_1_3' title='bbox 646 125 930 168; x_wconf 71' lang='lat' dir='ltr'><strong>RHODOMELEAE.</strong></span> <span class='ocrx_word' id='word_1_4' title='bbox 1460 126 1484 167; x_wconf 75' lang='lat'>8</span> <span class='ocrx_word' id='word_1_5' title='bbox 1495 126 1517 167; x_wconf 90' lang='grc'>7</span> <span class='ocrx_word' id='word_1_6' title='bbox 1526 127 1549 168; x_wconf 81' lang='grc'>5</span> 
     </span>
    </p>
   </div>
   <div class='ocr_carea' id='block_1_2' title="bbox 34 255 1554 581">
    <p class='ocr_par' dir='ltr' id='par_1_2' title="bbox 36 255 1554 465">
     <span class='ocr_line' id='line_1_2' title="bbox 40 255 1553 300; baseline 0.001 -11"><span class='ocrx_word' id='word_1_7' title='bbox 40 259 185 300; x_wconf 88' lang='lat' dir='ltr'>spectus</span> <span class='ocrx_word' id='word_1_8' title='bbox 222 255 292 290; x_wconf 89' lang='lat' dir='ltr'>hoc</span> <span class='ocrx_word' id='word_1_9' title='bbox 330 257 441 290; x_wconf 83' lang='lat' dir='ltr'>modo</span> <span class='ocrx_word' id='word_1_10' title='bbox 478 257 588 299; x_wconf 85' lang='lat' dir='ltr'>longe</span> <span class='ocrx_word' id='word_1_11' title='bbox 624 256 720 289; x_wconf 86' lang='lat' dir='ltr'>alius</span> <span class='ocrx_word' id='word_1_12' title='bbox 752 257 803 296; x_wconf 78' lang='lat' dir='ltr'>fit,</span> <span class='ocrx_word' id='word_1_13' title='bbox 836 259 872 288; x_wconf 88' lang='lat' dir='ltr'>et</span> <span class='ocrx_word' id='word_1_14' title='bbox 903 256 1067 300; x_wconf 78' lang='lat' dir='ltr'>plantam</span> <span class='ocrx_word' id='word_1_15' title='bbox 1103 259 1253 291; x_wconf 89' lang='lat' dir='ltr'>omnino</span> <span class='ocrx_word' id='word_1_16' title='bbox 1285 257 1396 291; x_wconf 85' lang='lat' dir='ltr'>aliam</span> <span class='ocrx_word' id='word_1_17' title='bbox 1429 267 1553 291; x_wconf 88' lang='lat' dir='ltr'>coram</span> 
     </span>
     <span class='ocr_line' id='line_1_3' title="bbox 38 314 1553 360; baseline 0.002 -14"><span class='ocrx_word' id='word_1_18' title='bbox 38 314 173 347; x_wconf 85' lang='lat' dir='ltr'>habere</span> <span class='ocrx_word' id='word_1_19' title='bbox 207 314 389 355; x_wconf 87' lang='lat' dir='ltr'>crederes,</span> <span class='ocrx_word' id='word_1_20' title='bbox 422 316 492 347; x_wconf 88' lang='lat' dir='ltr'>nisi</span> <span class='ocrx_word' id='word_1_21' title='bbox 525 315 597 348; x_wconf 85' lang='lat' dir='ltr'>alia</span> <span class='ocrx_word' id='word_1_22' title='bbox 628 318 819 358; x_wconf 81' lang='lat' dir='ltr'>segmenta</span> <span class='ocrx_word' id='word_1_23' title='bbox 850 314 1013 356; x_wconf 82' lang='lat' dir='ltr'>ejusdem</span> <span class='ocrx_word' id='word_1_24' title='bbox 1044 327 1196 359; x_wconf 85' lang='lat' dir='ltr'>quoque</span> <span class='ocrx_word' id='word_1_25' title='bbox 1226 318 1438 360; x_wconf 82' lang='lat' dir='ltr'>speciminis</span> <span class='ocrx_word' id='word_1_26' title='bbox 1466 327 1553 350; x_wconf 88' lang='lat' dir='ltr'>nor-</span> 
     </span>
     <span class='ocr_line' id='line_1_4' title="bbox 38 372 1554 420; baseline 0.004 -16"><span class='ocrx_word' id='word_1_27' title='bbox 38 372 171 405; x_wconf 86' lang='lat' dir='ltr'>malem</span> <span class='ocrx_word' id='word_1_28' title='bbox 211 374 383 405; x_wconf 82' lang='lat' dir='ltr'>offerrent</span> <span class='ocrx_word' id='word_1_29' title='bbox 423 373 651 416; x_wconf 80' lang='lat' dir='ltr'>adspectum.</span> <span class='ocrx_word' id='word_1_30' title='bbox 711 373 806 406; x_wconf 77' lang='lat' dir='ltr'>Aliae</span> <span class='ocrx_word' id='word_1_31' title='bbox 845 374 985 416; x_wconf 86' lang='lat' dir='ltr'>species</span> <span class='ocrx_word' id='word_1_32' title='bbox 1023 376 1169 416; x_wconf 82' lang='lat' dir='ltr'>generis</span> <span class='ocrx_word' id='word_1_33' title='bbox 1208 378 1327 408; x_wconf 87' lang='lat' dir='ltr'>status</span> <span class='ocrx_word' id='word_1_34' title='bbox 1375 376 1554 420; x_wconf 83' lang='lat' dir='ltr'>analogos</span> 
     </span>
     <span class='ocr_line' id='line_1_5' title="bbox 36 431 385 465; baseline 0.003 -1"><span class='ocrx_word' id='word_1_35' title='bbox 36 431 172 464; x_wconf 87' lang='lat' dir='ltr'>habere</span> <span class='ocrx_word' id='word_1_36' title='bbox 198 431 385 465; x_wconf 80' lang='lat' dir='ltr'>videntur.</span> 
     </span>
    </p>

    <p class='ocr_par' dir='ltr' id='par_1_3' title="bbox 34 489 1553 581">
     <span class='ocr_line' id='line_1_6' title="bbox 129 489 1553 536; baseline 0.004 -14"><span class='ocrx_word' id='word_1_37' title='bbox 129 490 275 533; x_wconf 64' lang='lat' dir='ltr'>‚Species</span> <span class='ocrx_word' id='word_1_38' title='bbox 321 489 475 533; x_wconf 87' lang='lat' dir='ltr'>pulchra</span> <span class='ocrx_word' id='word_1_39' title='bbox 514 493 547 522; x_wconf 89' lang='grc'>01</span> <span class='ocrx_word' id='word_1_40' title='bbox 587 490 867 523; x_wconf 83' lang='lat' dir='ltr'>distinctissima</span> <span class='ocrx_word' id='word_1_41' title='bbox 915 489 1190 533; x_wconf 70' lang='lat' dir='ltr'>Sphacelariam</span> <span class='ocrx_word' id='word_1_42' title='bbox 1230 492 1440 536; x_wconf 87' lang='lat' dir='ltr'>plumosam</span> <span class='ocrx_word' id='word_1_43' title='bbox 1478 493 1553 526; x_wconf 84' lang='lat' dir='ltr'>fere</span> 
     </span>
     <span class='ocr_line' id='line_1_7' title="bbox 34 549 209 581; baseline 0 0"><span class='ocrx_word' id='word_1_44' title='bbox 34 549 209 581; x_wconf 83' lang='lat' dir='ltr'>referens.</span> 
     </span>
    </p>
   </div>
   <div class='ocr_carea' id='block_1_3' title="bbox 34 664 1555 1122">
    <p class='ocr_par' dir='ltr' id='par_1_4' title="bbox 34 664 1555 1122">
     <span class='ocr_line' id='line_1_8' title="bbox 34 664 1554 717; baseline 0 -11"><span class='ocrx_word' id='word_1_45' title='bbox 34 667 96 707; x_wconf 84' lang='lat'>16.</span> <span class='ocrx_word' id='word_1_46' title='bbox 128 667 173 707; x_wconf 88' lang='lat' dir='ltr'>B.</span> <span class='ocrx_word' id='word_1_47' title='bbox 206 678 436 705; x_wconf 74' lang='lat' dir='ltr'>ARBUSCULA</span> <span class='ocrx_word' id='word_1_48' title='bbox 475 666 609 715; x_wconf 69' lang='lat' dir='ltr'><em>(Hoolc.</em></span> <span class='ocrx_word' id='word_1_49' title='bbox 648 668 683 703; x_wconf 77' lang='lat' dir='ltr'>et</span> <span class='ocrx_word' id='word_1_50' title='bbox 718 665 842 702; x_wconf 76' lang='lat' dir='ltr'>Harv.</span> <span class='ocrx_word' id='word_1_51' title='bbox 881 668 1007 714; x_wconf 76' lang='lat' dir='ltr'>mser.)</span> <span class='ocrx_word' id='word_1_52' title='bbox 1044 664 1189 703; x_wconf 86' lang='lat' dir='ltr'>fronde</span> <span class='ocrx_word' id='word_1_53' title='bbox 1227 677 1458 717; x_wconf 87' lang='lat' dir='ltr'>compressa</span> <span class='ocrx_word' id='word_1_54' title='bbox 1495 668 1554 706; x_wconf 90' lang='lat' dir='ltr'>di-</span> 
     </span>
     <span class='ocr_line' id='line_1_9' title="bbox 143 731 1554 784; baseline 0.001 -12"><span class='ocrx_word' id='word_1_55' title='bbox 143 734 271 772; x_wconf 77' lang='lat' dir='ltr'>sticlie</span> <span class='ocrx_word' id='word_1_56' title='bbox 309 732 775 784; x_wconf 86' lang='lat' dir='ltr'>decomposito-pinnata</span> <span class='ocrx_word' id='word_1_57' title='bbox 816 743 942 782; x_wconf 87' lang='lat' dir='ltr'>usque</span> <span class='ocrx_word' id='word_1_58' title='bbox 980 731 1028 770; x_wconf 85' lang='lat' dir='ltr'>ad</span> <span class='ocrx_word' id='word_1_59' title='bbox 1061 732 1198 784; x_wconf 78' lang='lat' dir='ltr'>apices</span> <span class='ocrx_word' id='word_1_60' title='bbox 1228 744 1335 770; x_wconf 90' lang='lat' dir='ltr'>nunc</span> <span class='ocrx_word' id='word_1_61' title='bbox 1364 733 1554 773; x_wconf 83' lang='lat' dir='ltr'>incurvos</span> 
     </span>
     <span class='ocr_line' id='line_1_10' title="bbox 142 798 1553 853; baseline 0 -13"><span class='ocrx_word' id='word_1_62' title='bbox 142 801 348 846; x_wconf 87' lang='lat' dir='ltr'>corticata,</span> <span class='ocrx_word' id='word_1_63' title='bbox 386 800 522 853; x_wconf 81' lang='lat' dir='ltr'>pinnis</span> <span class='ocrx_word' id='word_1_64' title='bbox 561 799 823 838; x_wconf 88' lang='lat' dir='ltr'>inferioribus</span> <span class='ocrx_word' id='word_1_65' title='bbox 861 799 1010 837; x_wconf 89' lang='lat' dir='ltr'>sensim</span> <span class='ocrx_word' id='word_1_66' title='bbox 1051 798 1245 851; x_wconf 73' lang='lat' dir='ltr'>abruptis,</span> <span class='ocrx_word' id='word_1_67' title='bbox 1277 800 1553 852; x_wconf 87' lang='lat' dir='ltr'>superioribus</span> 
     </span>
     <span class='ocr_line' id='line_1_11' title="bbox 141 866 1554 920; baseline 0.001 -14"><span class='ocrx_word' id='word_1_68' title='bbox 141 882 164 907; x_wconf 79' lang='lat' dir='ltr'>a</span> <span class='ocrx_word' id='word_1_69' title='bbox 194 868 377 920; x_wconf 78' lang='lat' dir='ltr'>margine</span> <span class='ocrx_word' id='word_1_70' title='bbox 420 867 600 913; x_wconf 76' lang='lat' dir='ltr'>alternis,</span> <span class='ocrx_word' id='word_1_71' title='bbox 645 866 849 918; x_wconf 85' lang='lat' dir='ltr'>primariis</span> <span class='ocrx_word' id='word_1_72' title='bbox 893 866 1138 918; x_wconf 84' lang='lat' dir='ltr'>patentibus,</span> <span class='ocrx_word' id='word_1_73' title='bbox 1177 867 1428 906; x_wconf 79' lang='lat' dir='ltr'>secundariis</span> <span class='ocrx_word' id='word_1_74' title='bbox 1469 881 1554 907; x_wconf 89' lang='lat' dir='ltr'>ere-</span> 
     </span>
     <span class='ocr_line' id='line_1_12' title="bbox 141 934 1555 988; baseline 0.001 -14"><span class='ocrx_word' id='word_1_75' title='bbox 141 936 346 974; x_wconf 87' lang='lat' dir='ltr'>ctiusculis</span> <span class='ocrx_word' id='word_1_76' title='bbox 384 935 521 974; x_wconf 82' lang='lat' dir='ltr'>axillis</span> <span class='ocrx_word' id='word_1_77' title='bbox 564 935 705 980; x_wconf 76' lang='lat' dir='ltr'>acutis,</span> <span class='ocrx_word' id='word_1_78' title='bbox 736 934 914 987; x_wconf 87' lang='lat' dir='ltr'>pinnulis</span> <span class='ocrx_word' id='word_1_79' title='bbox 946 934 1167 974; x_wconf 83' lang='lat' dir='ltr'>linearibus</span> <span class='ocrx_word' id='word_1_80' title='bbox 1198 935 1315 987; x_wconf 80' lang='lat' dir='ltr'>apice</span> <span class='ocrx_word' id='word_1_81' title='bbox 1346 936 1555 988; x_wconf 81' lang='lat' dir='ltr'>abruptius</span> 
     </span>
     <span class='ocr_line' id='line_1_13' title="bbox 140 1001 1554 1054; baseline 0.001 -13"><span class='ocrx_word' id='word_1_82' title='bbox 140 1003 367 1049; x_wconf 89' lang='lat' dir='ltr'>attenuatis,</span> <span class='ocrx_word' id='word_1_83' title='bbox 400 1015 526 1053; x_wconf 85' lang='lat' dir='ltr'>usque</span> <span class='ocrx_word' id='word_1_84' title='bbox 557 1002 607 1041; x_wconf 89' lang='lat' dir='ltr'>ad</span> <span class='ocrx_word' id='word_1_85' title='bbox 637 1014 806 1040; x_wconf 85' lang='lat' dir='ltr'>acumen</span> <span class='ocrx_word' id='word_1_86' title='bbox 840 1001 1053 1040; x_wconf 86' lang='lat' dir='ltr'>terminale</span> <span class='ocrx_word' id='word_1_87' title='bbox 1082 1001 1440 1054; x_wconf 88' lang='lat' dir='ltr'>monosiphonium</span> <span class='ocrx_word' id='word_1_88' title='bbox 1467 1015 1554 1043; x_wconf 89' lang='lat' dir='ltr'>cor-</span> 
     </span>
     <span class='ocr_line' id='line_1_14' title="bbox 141 1067 1519 1122; baseline 0.001 -14"><span class='ocrx_word' id='word_1_89' title='bbox 141 1070 286 1117; x_wconf 71' lang='lat' dir='ltr'>neatis,</span> <span class='ocrx_word' id='word_1_90' title='bbox 318 1069 556 1122; x_wconf 83' lang='lat' dir='ltr'>siphonibus</span> <span class='ocrx_word' id='word_1_91' title='bbox 589 1068 928 1121; x_wconf 78' lang='lat' dir='ltr'>pei-icentralibus</span> <span class='ocrx_word' id='word_1_92' title='bbox 961 1068 1124 1108; x_wconf 81' lang='lat' dir='ltr'>circiter</span> <span class='ocrx_word' id='word_1_93' title='bbox 1155 1067 1193 1115; x_wconf 86' lang='lat'>7,</span> <span class='ocrx_word' id='word_1_94' title='bbox 1223 1068 1433 1109; x_wconf 77' lang='lat' dir='ltr'>fructibus.</span> <span class='ocrx_word' id='word_1_95' title='bbox 1467 1099 1476 1109; x_wconf 88' lang='lat'>.</span> <span class='ocrx_word' id='word_1_96' title='bbox 1510 1099 1519 1109; x_wconf 87' lang='lat'>.</span> 
     </span>
    </p>
   </div>
   <div class='ocr_carea' id='block_1_4' title="bbox 137 1158 1524 1211">
    <p class='ocr_par' dir='ltr' id='par_1_5' title="bbox 137 1158 1524 1211">
     <span class='ocr_line' id='line_1_15' title="bbox 137 1158 1524 1211; baseline -0.001 -13"><span class='ocrx_word' id='word_1_97' title='bbox 137 1160 240 1199; x_wconf 84' lang='lat' dir='ltr'>Hab.</span> <span class='ocrx_word' id='word_1_98' title='bbox 272 1159 322 1198; x_wconf 89' lang='lat' dir='ltr'>ad</span> <span class='ocrx_word' id='word_1_99' title='bbox 353 1171 443 1198; x_wconf 89' lang='lat' dir='ltr'>oras</span> <span class='ocrx_word' id='word_1_100' title='bbox 472 1158 601 1198; x_wconf 79' lang='lat' dir='ltr'>Novae</span> <span class='ocrx_word' id='word_1_101' title='bbox 632 1158 842 1198; x_wconf 79' lang='lat' dir='ltr'>Zelandiae</span> <span class='ocrx_word' id='word_1_102' title='bbox 873 1171 1000 1211; x_wconf 88' lang='lat' dir='ltr'>prope</span> <span class='ocrx_word' id='word_1_103' title='bbox 1033 1159 1164 1211; x_wconf 81' lang='lat' dir='ltr'>Otago</span> <span class='ocrx_word' id='word_1_104' title='bbox 1196 1160 1284 1206; x_wconf 75' lang='lat' dir='ltr'>(Dtr</span> <span class='ocrx_word' id='word_1_105' title='bbox 1315 1159 1524 1208; x_wconf 82' lang='lat' dir='ltr'>Sinclair).</span> 
     </span>
    </p>
   </div>
   <div class='ocr_carea' id='block_1_5' title="bbox 28 1249 1555 2465">
    <p class='ocr_par' dir='ltr' id='par_1_6' title="bbox 28 1249 1555 2164">
     <span class='ocr_line' id='line_1_16' title="bbox 121 1249 1555 1294; baseline -0.001 -10"><span class='ocrx_word' id='word_1_106' title='bbox 121 1252 239 1284; x_wconf 80' lang='lat' dir='ltr'>Frons</span> <span class='ocrx_word' id='word_1_107' title='bbox 278 1258 552 1292; x_wconf 86' lang='lat' dir='ltr'>purpurascens</span> <span class='ocrx_word' id='word_1_108' title='bbox 591 1259 803 1292; x_wconf 84' lang='lat' dir='ltr'>compressa</span> <span class='ocrx_word' id='word_1_109' title='bbox 838 1252 873 1282; x_wconf 87' lang='lat' dir='ltr'>et</span> <span class='ocrx_word' id='word_1_110' title='bbox 907 1249 1063 1282; x_wconf 81' lang='lat' dir='ltr'>distiche</span> <span class='ocrx_word' id='word_1_111' title='bbox 1091 1251 1272 1292; x_wconf 86' lang='lat' dir='ltr'>pinnatim</span> <span class='ocrx_word' id='word_1_112' title='bbox 1300 1251 1555 1294; x_wconf 78' lang='lat' dir='ltr'>decomposita</span> 
     </span>
     <span class='ocr_line' id='line_1_17' title="bbox 29 1307 1553 1354; baseline -0.001 -10"><span class='ocrx_word' id='word_1_113' title='bbox 29 1309 358 1354; x_wconf 83' lang='lat' dir='ltr'>sesquipollicaris,</span> <span class='ocrx_word' id='word_1_114' title='bbox 390 1308 533 1340; x_wconf 79' lang='lat' dir='ltr'>inferne</span> <span class='ocrx_word' id='word_1_115' title='bbox 567 1307 799 1340; x_wconf 87' lang='lat' dir='ltr'>semilineam</span> <span class='ocrx_word' id='word_1_116' title='bbox 833 1311 869 1340; x_wconf 89' lang='lat' dir='ltr'>et</span> <span class='ocrx_word' id='word_1_117' title='bbox 900 1308 999 1341; x_wconf 86' lang='lat' dir='ltr'>ultra</span> <span class='ocrx_word' id='word_1_118' title='bbox 1032 1308 1116 1348; x_wconf 82' lang='lat' dir='ltr'>lata,</span> <span class='ocrx_word' id='word_1_119' title='bbox 1150 1319 1300 1342; x_wconf 87' lang='lat' dir='ltr'>sursum</span> <span class='ocrx_word' id='word_1_120' title='bbox 1327 1310 1464 1342; x_wconf 87' lang='lat' dir='ltr'>sensim</span> <span class='ocrx_word' id='word_1_121' title='bbox 1491 1320 1553 1342; x_wconf 83' lang='lat' dir='ltr'>an-</span> 
     </span>
     <span class='ocr_line' id='line_1_18' title="bbox 29 1367 1553 1412; baseline 0 -12"><span class='ocrx_word' id='word_1_122' title='bbox 29 1370 184 1412; x_wconf 81' lang='lat' dir='ltr'>gustior,</span> <span class='ocrx_word' id='word_1_123' title='bbox 220 1379 339 1412; x_wconf 81' lang='lat' dir='ltr'>usque</span> <span class='ocrx_word' id='word_1_124' title='bbox 382 1370 504 1399; x_wconf 81' lang='lat' dir='ltr'>tamen</span> <span class='ocrx_word' id='word_1_125' title='bbox 543 1368 589 1400; x_wconf 80' lang='lat' dir='ltr'>ad</span> <span class='ocrx_word' id='word_1_126' title='bbox 627 1368 749 1410; x_wconf 79' lang='lat' dir='ltr'>apices</span> <span class='ocrx_word' id='word_1_127' title='bbox 787 1368 965 1399; x_wconf 86' lang='lat' dir='ltr'>corticata</span> <span class='ocrx_word' id='word_1_128' title='bbox 993 1370 1027 1399; x_wconf 81' lang='lat' dir='ltr'>et</span> <span class='ocrx_word' id='word_1_129' title='bbox 1055 1367 1296 1400; x_wconf 85' lang='lat' dir='ltr'>subcarnosa.</span> <span class='ocrx_word' id='word_1_130' title='bbox 1346 1368 1471 1400; x_wconf 79' lang='lat' dir='ltr'>Pinnae</span> <span class='ocrx_word' id='word_1_131' title='bbox 1498 1367 1553 1400; x_wconf 84' lang='lat' dir='ltr'>di-</span> 
     </span>
     <span class='ocr_line' id='line_1_19' title="bbox 29 1425 1553 1469; baseline -0.001 -10"><span class='ocrx_word' id='word_1_132' title='bbox 29 1428 174 1459; x_wconf 71' lang='lat' dir='ltr'>stantiis</span> <span class='ocrx_word' id='word_1_133' title='bbox 213 1428 275 1458; x_wconf 79' lang='lat' dir='ltr'>vix</span> <span class='ocrx_word' id='word_1_134' title='bbox 309 1427 446 1459; x_wconf 82' lang='lat' dir='ltr'>lineam</span> <span class='ocrx_word' id='word_1_135' title='bbox 478 1426 601 1468; x_wconf 84' lang='lat' dir='ltr'>longis</span> <span class='ocrx_word' id='word_1_136' title='bbox 636 1425 779 1458; x_wconf 72' lang='lat' dir='ltr'>alterne</span> <span class='ocrx_word' id='word_1_137' title='bbox 811 1428 846 1457; x_wconf 88' lang='lat' dir='ltr'>et</span> <span class='ocrx_word' id='word_1_138' title='bbox 879 1425 1035 1458; x_wconf 87' lang='lat' dir='ltr'>distiche</span> <span class='ocrx_word' id='word_1_139' title='bbox 1062 1436 1083 1458; x_wconf 85' lang='lat' dir='ltr'>a</span> <span class='ocrx_word' id='word_1_140' title='bbox 1109 1427 1276 1469; x_wconf 83' lang='lat' dir='ltr'>margine</span> <span class='ocrx_word' id='word_1_141' title='bbox 1309 1426 1553 1469; x_wconf 80' lang='lat' dir='ltr'>egredientes,</span> 
     </span>
     <span class='ocr_line' id='line_1_20' title="bbox 28 1484 1552 1527; baseline 0.001 -11"><span class='ocrx_word' id='word_1_142' title='bbox 28 1486 222 1517; x_wconf 79' lang='lat' dir='ltr'>inferiores</span> <span class='ocrx_word' id='word_1_143' title='bbox 259 1486 397 1517; x_wconf 85' lang='lat' dir='ltr'>sensim</span> <span class='ocrx_word' id='word_1_144' title='bbox 434 1484 612 1527; x_wconf 60' lang='lat' dir='ltr'>abrupfle,</span> <span class='ocrx_word' id='word_1_145' title='bbox 648 1484 818 1516; x_wconf 79' lang='lat' dir='ltr'>frondem</span> <span class='ocrx_word' id='word_1_146' title='bbox 851 1484 993 1516; x_wconf 81' lang='lat' dir='ltr'>inferne</span> <span class='ocrx_word' id='word_1_147' title='bbox 1020 1484 1292 1525; x_wconf 69' lang='lat' dir='ltr'>mrdiusculam,</span> <span class='ocrx_word' id='word_1_148' title='bbox 1318 1484 1552 1517; x_wconf 81' lang='lat' dir='ltr'>cicatricibus</span> 
     </span>
     <span class='ocr_line' id='line_1_21' title="bbox 28 1542 1553 1586; baseline 0.001 -13"><span class='ocrx_word' id='word_1_149' title='bbox 28 1544 190 1585; x_wconf 82' lang='lat' dir='ltr'>partium</span> <span class='ocrx_word' id='word_1_150' title='bbox 229 1542 464 1586; x_wconf 80' lang='lat' dir='ltr'>delapsarum</span> <span class='ocrx_word' id='word_1_151' title='bbox 502 1542 724 1586; x_wconf 64' lang='lat' dir='ltr'>inaequalem</span> <span class='ocrx_word' id='word_1_152' title='bbox 762 1542 993 1586; x_wconf 75' lang='lat' dir='ltr'>linquentes,</span> <span class='ocrx_word' id='word_1_153' title='bbox 1026 1553 1046 1574; x_wconf 91' lang='lat' dir='ltr'>a</span> <span class='ocrx_word' id='word_1_154' title='bbox 1078 1543 1202 1576; x_wconf 88' lang='lat' dir='ltr'>medio</span> <span class='ocrx_word' id='word_1_155' title='bbox 1238 1546 1273 1575; x_wconf 89' lang='lat' dir='ltr'>et</span> <span class='ocrx_word' id='word_1_156' title='bbox 1307 1543 1404 1575; x_wconf 84' lang='lat' dir='ltr'>infra</span> <span class='ocrx_word' id='word_1_157' title='bbox 1435 1544 1553 1586; x_wconf 85' lang='lat' dir='ltr'>persi-</span> 
     </span>
     <span class='ocr_line' id='line_1_22' title="bbox 28 1601 1551 1644; baseline 0.002 -12"><span class='ocrx_word' id='word_1_158' title='bbox 28 1602 178 1641; x_wconf 85' lang='lat' dir='ltr'>stentes,</span> <span class='ocrx_word' id='word_1_159' title='bbox 204 1601 278 1633; x_wconf 80' lang='lat' dir='ltr'>fere</span> <span class='ocrx_word' id='word_1_160' title='bbox 308 1611 435 1634; x_wconf 88' lang='lat' dir='ltr'>omnes</span> <span class='ocrx_word' id='word_1_161' title='bbox 461 1601 736 1644; x_wconf 66' lang='lat' dir='ltr'>decompositae,</span> <span class='ocrx_word' id='word_1_162' title='bbox 764 1601 951 1644; x_wconf 62' lang='lat' dir='ltr'>primaria&gt;</span> <span class='ocrx_word' id='word_1_163' title='bbox 970 1604 1149 1644; x_wconf 85' lang='lat' dir='ltr'>patentes,</span> <span class='ocrx_word' id='word_1_164' title='bbox 1169 1602 1398 1635; x_wconf 66' lang='lat' dir='ltr'>secundariae</span> <span class='ocrx_word' id='word_1_165' title='bbox 1421 1605 1551 1635; x_wconf 71' lang='lat' dir='ltr'>erectae</span> 
     </span>
     <span class='ocr_line' id='line_1_23' title="bbox 28 1658 1552 1704; baseline 0.002 -14"><span class='ocrx_word' id='word_1_166' title='bbox 28 1658 153 1691; x_wconf 80' lang='lat' dir='ltr'>axillis</span> <span class='ocrx_word' id='word_1_167' title='bbox 183 1659 359 1692; x_wconf 84' lang='lat' dir='ltr'>deorsum</span> <span class='ocrx_word' id='word_1_168' title='bbox 388 1660 505 1691; x_wconf 79' lang='lat' dir='ltr'>versis</span> <span class='ocrx_word' id='word_1_169' title='bbox 532 1659 670 1702; x_wconf 63' lang='lat' dir='ltr'>acutis·7</span> <span class='ocrx_word' id='word_1_170' title='bbox 710 1659 870 1702; x_wconf 84' lang='lat' dir='ltr'>pinnula·</span> <span class='ocrx_word' id='word_1_171' title='bbox 898 1658 1039 1691; x_wconf 70' lang='lat' dir='ltr'>ultimae</span> <span class='ocrx_word' id='word_1_172' title='bbox 1065 1660 1141 1692; x_wconf 82' lang='lat' dir='ltr'>fere</span> <span class='ocrx_word' id='word_1_173' title='bbox 1170 1659 1331 1693; x_wconf 86' lang='lat' dir='ltr'>lineares</span> <span class='ocrx_word' id='word_1_174' title='bbox 1358 1661 1552 1704; x_wconf 85' lang='lat' dir='ltr'>abruptius</span> 
     </span>
     <span class='ocr_line' id='line_1_24' title="bbox 28 1718 1552 1761; baseline 0.002 -12"><span class='ocrx_word' id='word_1_175' title='bbox 28 1721 228 1750; x_wconf 57' lang='lat' dir='ltr'>attenuata*</span> <span class='ocrx_word' id='word_1_176' title='bbox 268 1721 303 1749; x_wconf 84' lang='lat' dir='ltr'>et</span> <span class='ocrx_word' id='word_1_177' title='bbox 343 1720 470 1758; x_wconf 70' lang='lat' dir='ltr'>acutae,</span> <span class='ocrx_word' id='word_1_178' title='bbox 508 1719 677 1751; x_wconf 85' lang='lat' dir='ltr'>acumine</span> <span class='ocrx_word' id='word_1_179' title='bbox 713 1718 901 1750; x_wconf 84' lang='lat' dir='ltr'>terminali</span> <span class='ocrx_word' id='word_1_180' title='bbox 934 1718 1235 1761; x_wconf 85' lang='lat' dir='ltr'>monosiphonio‚</span> <span class='ocrx_word' id='word_1_181' title='bbox 1262 1722 1436 1752; x_wconf 80' lang='lat' dir='ltr'>caeterum</span> <span class='ocrx_word' id='word_1_182' title='bbox 1463 1722 1552 1752; x_wconf 79' lang='lat' dir='ltr'>totae</span> 
     </span>
     <span class='ocr_line' id='line_1_25' title="bbox 28 1776 1551 1821; baseline 0.002 -13"><span class='ocrx_word' id='word_1_183' title='bbox 28 1777 226 1809; x_wconf 71' lang='lat' dir='ltr'>corticatae.</span> <span class='ocrx_word' id='word_1_184' title='bbox 280 1776 416 1819; x_wconf 80' lang='lat' dir='ltr'>Apices</span> <span class='ocrx_word' id='word_1_185' title='bbox 452 1776 672 1821; x_wconf 83' lang='lat' dir='ltr'>plerumque</span> <span class='ocrx_word' id='word_1_186' title='bbox 705 1776 938 1821; x_wconf 77' lang='lat' dir='ltr'>rectiusculi·⁷</span> <span class='ocrx_word' id='word_1_187' title='bbox 975 1788 1071 1810; x_wconf 87' lang='lat' dir='ltr'>nunc</span> <span class='ocrx_word' id='word_1_188' title='bbox 1103 1779 1320 1812; x_wconf 84' lang='lat' dir='ltr'>incurvatos</span> <span class='ocrx_word' id='word_1_189' title='bbox 1351 1779 1439 1812; x_wconf 79' lang='lat' dir='ltr'>vidi.</span> <span class='ocrx_word' id='word_1_190' title='bbox 1490 1779 1551 1813; x_wconf 83' lang='lat' dir='ltr'>Se-</span> 
     </span>
     <span class='ocr_line' id='line_1_26' title="bbox 30 1834 1552 1879; baseline 0.003 -13"><span class='ocrx_word' id='word_1_191' title='bbox 30 1835 150 1867; x_wconf 86' lang='lat' dir='ltr'>ctione</span> <span class='ocrx_word' id='word_1_192' title='bbox 176 1835 272 1867; x_wconf 83' lang='lat' dir='ltr'>sacta</span> <span class='ocrx_word' id='word_1_193' title='bbox 299 1835 539 1868; x_wconf 80' lang='lat' dir='ltr'>transversali</span> <span class='ocrx_word' id='word_1_194' title='bbox 567 1834 746 1879; x_wconf 88' lang='lat' dir='ltr'>siphones</span> <span class='ocrx_word' id='word_1_195' title='bbox 780 1835 1046 1879; x_wconf 79' lang='lat' dir='ltr'>pericentralcs</span> <span class='ocrx_word' id='word_1_196' title='bbox 1073 1837 1220 1869; x_wconf 87' lang='lat' dir='ltr'>circiter</span> <span class='ocrx_word' id='word_1_197' title='bbox 1245 1837 1264 1868; x_wconf 92' lang='lat'><strong>7</strong></span> <span class='ocrx_word' id='word_1_198' title='bbox 1292 1837 1552 1877; x_wconf 82' lang='lat' dir='ltr'>observantur,</span> 
     </span>
     <span class='ocr_line' id='line_1_27' title="bbox 29 1895 1551 1941; baseline 0.001 -14"><span class='ocrx_word' id='word_1_199' title='bbox 29 1895 195 1927; x_wconf 87' lang='lat' dir='ltr'>seriebus</span> <span class='ocrx_word' id='word_1_200' title='bbox 231 1895 402 1938; x_wconf 88' lang='lat' dir='ltr'>pluribus</span> <span class='ocrx_word' id='word_1_201' title='bbox 441 1896 684 1928; x_wconf 82' lang='lat' dir='ltr'>eoncentricis</span> <span class='ocrx_word' id='word_1_202' title='bbox 723 1895 942 1928; x_wconf 86' lang='lat' dir='ltr'>cellularum</span> <span class='ocrx_word' id='word_1_203' title='bbox 987 1896 1239 1929; x_wconf 84' lang='lat' dir='ltr'>consimilium</span> <span class='ocrx_word' id='word_1_204' title='bbox 1279 1898 1406 1937; x_wconf 85' lang='lat' dir='ltr'>cincti,</span> <span class='ocrx_word' id='word_1_205' title='bbox 1438 1899 1551 1941; x_wconf 87' lang='lat' dir='ltr'>atque</span> 
     </span>
     <span class='ocr_line' id='line_1_28' title="bbox 28 1954 1550 1999; baseline 0.001 -13"><span class='ocrx_word' id='word_1_206' title='bbox 28 1955 163 1987; x_wconf 81' lang='lat' dir='ltr'>cortice.</span> <span class='ocrx_word' id='word_1_207' title='bbox 194 1955 347 1997; x_wconf 87' lang='lat' dir='ltr'>proprio</span> <span class='ocrx_word' id='word_1_208' title='bbox 380 1955 533 1996; x_wconf 90' lang='lat' dir='ltr'>insuper</span> <span class='ocrx_word' id='word_1_209' title='bbox 567 1955 666 1986; x_wconf 84' lang='lat' dir='ltr'>tecti.</span> <span class='ocrx_word' id='word_1_210' title='bbox 724 1955 892 1988; x_wconf 75' lang='lat' dir='ltr'>Sectione</span> <span class='ocrx_word' id='word_1_211' title='bbox 925 1954 1191 1998; x_wconf 79' lang='lat' dir='ltr'>longitudinali</span> <span class='ocrx_word' id='word_1_212' title='bbox 1217 1955 1372 1999; x_wconf 85' lang='lat' dir='ltr'>adparet</span> <span class='ocrx_word' id='word_1_213' title='bbox 1398 1955 1550 1988; x_wconf 88' lang='lat' dir='ltr'>cellulas</span> 
     </span>
     <span class='ocr_line' id='line_1_29' title="bbox 28 2013 1551 2057; baseline 0.001 -12"><span class='ocrx_word' id='word_1_214' title='bbox 28 2014 225 2046; x_wconf 87' lang='lat' dir='ltr'>interiores</span> <span class='ocrx_word' id='word_1_215' title='bbox 258 2023 337 2045; x_wconf 88' lang='lat' dir='ltr'>esse</span> <span class='ocrx_word' id='word_1_216' title='bbox 372 2023 438 2046; x_wconf 89' lang='lat' dir='ltr'>suo</span> <span class='ocrx_word' id='word_1_217' title='bbox 472 2013 655 2046; x_wconf 87' lang='lat' dir='ltr'>diametro</span> <span class='ocrx_word' id='word_1_218' title='bbox 691 2015 838 2046; x_wconf 82' lang='lat' dir='ltr'>circiter</span> <span class='ocrx_word' id='word_1_219' title='bbox 871 2013 986 2056; x_wconf 84' lang='lat' dir='ltr'>duplo</span> <span class='ocrx_word' id='word_1_220' title='bbox 1018 2013 1219 2057; x_wconf 73' lang='lat' dir='ltr'>longiores,</span> <span class='ocrx_word' id='word_1_221' title='bbox 1246 2014 1431 2047; x_wconf 86' lang='lat' dir='ltr'>diametro</span> <span class='ocrx_word' id='word_1_222' title='bbox 1457 2015 1551 2047; x_wconf 86' lang='lat' dir='ltr'>rami</span> 
     </span>
     <span class='ocr_line' id='line_1_30' title="bbox 28 2071 1549 2116; baseline 0.001 -12"><span class='ocrx_word' id='word_1_223' title='bbox 28 2072 156 2104; x_wconf 84' lang='lat' dir='ltr'>saltem</span> <span class='ocrx_word' id='word_1_224' title='bbox 184 2072 286 2116; x_wconf 88' lang='lat' dir='ltr'>3-plo</span> <span class='ocrx_word' id='word_1_225' title='bbox 313 2072 523 2113; x_wconf 64' lang='lat' dir='ltr'>brevioresg</span> <span class='ocrx_word' id='word_1_226' title='bbox 556 2071 694 2104; x_wconf 81' lang='lat' dir='ltr'>cellulae</span> <span class='ocrx_word' id='word_1_227' title='bbox 730 2072 924 2105; x_wconf 84' lang='lat' dir='ltr'>corticales</span> <span class='ocrx_word' id='word_1_228' title='bbox 950 2073 1103 2105; x_wconf 82' lang='lat' dir='ltr'>minutae</span> <span class='ocrx_word' id='word_1_229' title='bbox 1131 2075 1167 2104; x_wconf 90' lang='lat' dir='ltr'>et</span> <span class='ocrx_word' id='word_1_230' title='bbox 1192 2072 1409 2105; x_wconf 84' lang='lat' dir='ltr'>rotundatae.</span> <span class='ocrx_word' id='word_1_231' title='bbox 1460 2073 1549 2106; x_wconf 88' lang='lat' dir='ltr'>Fru-</span> 
     </span>
     <span class='ocr_line' id='line_1_31' title="bbox 28 2131 375 2164; baseline 0.003 -2"><span class='ocrx_word' id='word_1_232' title='bbox 28 2134 109 2164; x_wconf 85' lang='lat' dir='ltr'>ctus</span> <span class='ocrx_word' id='word_1_233' title='bbox 135 2131 261 2164; x_wconf 90' lang='lat' dir='ltr'>nullos</span> <span class='ocrx_word' id='word_1_234' title='bbox 288 2131 375 2163; x_wconf 82' lang='lat' dir='ltr'>vidi.</span> 
     </span>
    </p>

    <p class='ocr_par' dir='ltr' id='par_1_7' title="bbox 28 2188 1550 2465">
     <span class='ocr_line' id='line_1_32' title="bbox 119 2188 1548 2232; baseline 0 -10"><span class='ocrx_word' id='word_1_235' title='bbox 119 2189 257 2222; x_wconf 87' lang='lat' dir='ltr'>Habitu</span> <span class='ocrx_word' id='word_1_236' title='bbox 295 2200 315 2221; x_wconf 78' lang='lat' dir='ltr'>a</span> <span class='ocrx_word' id='word_1_237' title='bbox 354 2190 497 2221; x_wconf 67' lang='lat' dir='ltr'>caeteris</span> <span class='ocrx_word' id='word_1_238' title='bbox 536 2188 727 2232; x_wconf 84' lang='lat' dir='ltr'>speciebus</span> <span class='ocrx_word' id='word_1_239' title='bbox 766 2188 1038 2232; x_wconf 81' lang='lat' dir='ltr'>aliquantulum</span> <span class='ocrx_word' id='word_1_240' title='bbox 1076 2189 1238 2230; x_wconf 85' lang='lat' dir='ltr'>abludit,</span> <span class='ocrx_word' id='word_1_241' title='bbox 1283 2189 1548 2224; x_wconf 84' lang='lat' dir='ltr'>Odonthaliam</span> 
     </span>
     <span class='ocr_line' id='line_1_33' title="bbox 28 2248 1550 2291; baseline 0.001 -12"><span class='ocrx_word' id='word_1_242' title='bbox 28 2248 213 2291; x_wconf 85' lang='lat' dir='ltr'>quandam</span> <span class='ocrx_word' id='word_1_243' title='bbox 248 2258 380 2280; x_wconf 83' lang='lat' dir='ltr'>uanam</span> <span class='ocrx_word' id='word_1_244' title='bbox 414 2248 586 2287; x_wconf 77' lang='lat' dir='ltr'>referens,</span> <span class='ocrx_word' id='word_1_245' title='bbox 619 2248 658 2280; x_wconf 88' lang='lat' dir='ltr'>B.</span> <span class='ocrx_word' id='word_1_246' title='bbox 692 2248 853 2288; x_wconf 72' lang='lat' dir='ltr'>sinderi,</span> <span class='ocrx_word' id='word_1_247' title='bbox 879 2250 921 2280; x_wconf 88' lang='lat' dir='ltr'>ut</span> <span class='ocrx_word' id='word_1_248' title='bbox 948 2248 1109 2288; x_wconf 86' lang='lat' dir='ltr'>videtur,</span> <span class='ocrx_word' id='word_1_249' title='bbox 1141 2248 1271 2282; x_wconf 86' lang='lat' dir='ltr'>affinis.</span> <span class='ocrx_word' id='word_1_250' title='bbox 1320 2250 1461 2282; x_wconf 87' lang='lat' dir='ltr'>Fructu</span> <span class='ocrx_word' id='word_1_251' title='bbox 1490 2250 1550 2281; x_wconf 89' lang='lat' dir='ltr'>ut-</span> 
     </span>
     <span class='ocr_line' id='line_1_34' title="bbox 28 2305 1548 2351; baseline 0 -13"><span class='ocrx_word' id='word_1_252' title='bbox 28 2307 180 2349; x_wconf 85' lang='lat' dir='ltr'>riusque</span> <span class='ocrx_word' id='word_1_253' title='bbox 214 2306 347 2349; x_wconf 88' lang='lat' dir='ltr'>speciei</span> <span class='ocrx_word' id='word_1_254' title='bbox 380 2307 519 2348; x_wconf 84' lang='lat' dir='ltr'>ignoto,</span> <span class='ocrx_word' id='word_1_255' title='bbox 551 2305 707 2338; x_wconf 86' lang='lat' dir='ltr'>dubium</span> <span class='ocrx_word' id='word_1_256' title='bbox 741 2306 866 2339; x_wconf 83' lang='lat' dir='ltr'>forsan</span> <span class='ocrx_word' id='word_1_257' title='bbox 899 2306 1047 2339; x_wconf 86' lang='lat' dir='ltr'>cuidam</span> <span class='ocrx_word' id='word_1_258' title='bbox 1083 2309 1130 2340; x_wconf 86' lang='lat' dir='ltr'>sit</span> <span class='ocrx_word' id='word_1_259' title='bbox 1163 2318 1209 2340; x_wconf 90' lang='lat' dir='ltr'>an</span> <span class='ocrx_word' id='word_1_260' title='bbox 1235 2307 1465 2351; x_wconf 78' lang='lat' dir='ltr'>Bostrychiis</span> <span class='ocrx_word' id='word_1_261' title='bbox 1492 2317 1548 2340; x_wconf 85' lang='lat' dir='ltr'>re-</span> 
     </span>
     <span class='ocr_line' id='line_1_35' title="bbox 28 2363 1548 2410; baseline 0.001 -14"><span class='ocrx_word' id='word_1_262' title='bbox 28 2363 141 2408; x_wconf 81' lang='lat' dir='ltr'>liquis</span> <span class='ocrx_word' id='word_1_263' title='bbox 180 2375 407 2407; x_wconf 82' lang='lat' dir='ltr'>congeneres</span> <span class='ocrx_word' id='word_1_264' title='bbox 437 2367 574 2397; x_wconf 80' lang='lat' dir='ltr'>essent.</span> <span class='ocrx_word' id='word_1_265' title='bbox 630 2365 826 2397; x_wconf 85' lang='lat' dir='ltr'>Structura</span> <span class='ocrx_word' id='word_1_266' title='bbox 851 2368 1013 2398; x_wconf 85' lang='lat' dir='ltr'>attamen</span> <span class='ocrx_word' id='word_1_267' title='bbox 1040 2376 1125 2398; x_wconf 89' lang='lat' dir='ltr'>cum</span> <span class='ocrx_word' id='word_1_268' title='bbox 1152 2367 1191 2400; x_wconf 90' lang='lat' dir='ltr'>B.</span> <span class='ocrx_word' id='word_1_269' title='bbox 1219 2366 1436 2410; x_wconf 84' lang='lat' dir='ltr'>Scorpioide</span> <span class='ocrx_word' id='word_1_270' title='bbox 1462 2375 1548 2398; x_wconf 91' lang='lat' dir='ltr'>con-</span> 
     </span>
     <span class='ocr_line' id='line_1_36' title="bbox 29 2422 483 2465; baseline -0.002 -10"><span class='ocrx_word' id='word_1_271' title='bbox 29 2424 155 2455; x_wconf 87' lang='lat' dir='ltr'>venire</span> <span class='ocrx_word' id='word_1_272' title='bbox 183 2422 272 2455; x_wconf 89' lang='lat' dir='ltr'>mihi</span> <span class='ocrx_word' id='word_1_273' title='bbox 298 2423 483 2465; x_wconf 85' lang='lat' dir='ltr'>adparuit.</span> 
     </span>
    </p>
   </div>
   <div class='ocr_carea' id='block_1_6' title="bbox 29 2536 1548 2924">
    <p class='ocr_par' dir='ltr' id='par_1_8' title="bbox 29 2536 1548 2924">
     <span class='ocr_line' id='line_1_37' title="bbox 29 2536 1548 2588; baseline 0.001 -13"><span class='ocrx_word' id='word_1_274' title='bbox 29 2536 92 2576; x_wconf 90' lang='lat'>17.</span> <span class='ocrx_word' id='word_1_275' title='bbox 124 2538 170 2576; x_wconf 91' lang='lat' dir='ltr'>B.</span> <span class='ocrx_word' id='word_1_276' title='bbox 201 2538 378 2577; x_wconf 76' lang='lat' dir='ltr'>BmDEm</span> <span class='ocrx_word' id='word_1_277' title='bbox 422 2538 561 2588; x_wconf 73' lang='lat' dir='ltr'>(Harv.</span> <span class='ocrx_word' id='word_1_278' title='bbox 604 2538 695 2576; x_wconf 80' lang='lat' dir='ltr'>Ner.</span> <span class='ocrx_word' id='word_1_279' title='bbox 739 2538 874 2577; x_wconf 70' lang='lat' dir='ltr'>Austr.</span> <span class='ocrx_word' id='word_1_280' title='bbox 905 2551 947 2586; x_wconf 72' lang='lat' dir='ltr'>p.</span> <span class='ocrx_word' id='word_1_281' title='bbox 986 2538 1054 2585; x_wconf 77' lang='lat'>68)</span> <span class='ocrx_word' id='word_1_282' title='bbox 1099 2539 1244 2578; x_wconf 82' lang='lat' dir='ltr'>fronde</span> <span class='ocrx_word' id='word_1_283' title='bbox 1288 2539 1548 2577; x_wconf 88' lang='lat' dir='ltr'>teretiuscula</span> 
     </span>
     <span class='ocr_line' id='line_1_38' title="bbox 139 2604 1546 2657; baseline 0.001 -15"><span class='ocrx_word' id='word_1_284' title='bbox 139 2605 310 2643; x_wconf 86' lang='lat' dir='ltr'>distiche</span> <span class='ocrx_word' id='word_1_285' title='bbox 362 2604 830 2657; x_wconf 84' lang='lat' dir='ltr'>decomposito-pinnata</span> <span class='ocrx_word' id='word_1_286' title='bbox 880 2618 1007 2657; x_wconf 87' lang='lat' dir='ltr'>usque</span> <span class='ocrx_word' id='word_1_287' title='bbox 1051 2606 1102 2644; x_wconf 92' lang='lat' dir='ltr'>ad</span> <span class='ocrx_word' id='word_1_288' title='bbox 1145 2605 1282 2657; x_wconf 87' lang='lat' dir='ltr'>apices</span> <span class='ocrx_word' id='word_1_289' title='bbox 1333 2605 1546 2652; x_wconf 85' lang='lat' dir='ltr'>corticata,</span> 
     </span>
     <span class='ocr_line' id='line_1_39' title="bbox 140 2671 1545 2725; baseline 0.001 -17"><span class='ocrx_word' id='word_1_290' title='bbox 140 2671 275 2723; x_wconf 90' lang='lat' dir='ltr'>pinnis</span> <span class='ocrx_word' id='word_1_291' title='bbox 305 2671 566 2710; x_wconf 86' lang='lat' dir='ltr'>inferioribus</span> <span class='ocrx_word' id='word_1_292' title='bbox 598 2672 851 2712; x_wconf 86' lang='lat' dir='ltr'>brevioribus</span> <span class='ocrx_word' id='word_1_293' title='bbox 882 2672 1117 2725; x_wconf 88' lang='lat' dir='ltr'>pinnulatis‚</span> <span class='ocrx_word' id='word_1_294' title='bbox 1156 2671 1432 2723; x_wconf 88' lang='lat' dir='ltr'>superioribus</span> <span class='ocrx_word' id='word_1_295' title='bbox 1462 2685 1545 2710; x_wconf 88' lang='lat' dir='ltr'>ma-</span> 
     </span>
     <span class='ocr_line' id='line_1_40' title="bbox 133 2738 1544 2791; baseline -0.001 -14"><span class='ocrx_word' id='word_1_296' title='bbox 133 2738 291 2787; x_wconf 86' lang='lat' dir='ltr'>joribus</span> <span class='ocrx_word' id='word_1_297' title='bbox 331 2738 641 2790; x_wconf 85' lang='lat' dir='ltr'>decompositis,</span> <span class='ocrx_word' id='word_1_298' title='bbox 686 2740 873 2779; x_wconf 88' lang='lat' dir='ltr'>omnibus</span> <span class='ocrx_word' id='word_1_299' title='bbox 910 2738 1202 2791; x_wconf 84' lang='lat' dir='ltr'>patentissimis</span> <span class='ocrx_word' id='word_1_300' title='bbox 1240 2738 1544 2778; x_wconf 87' lang='lat' dir='ltr'>subhorizonta-</span> 
     </span>
     <span class='ocr_line' id='line_1_41' title="bbox 138 2803 1544 2856; baseline 0.003 -15"><span class='ocrx_word' id='word_1_301' title='bbox 138 2804 256 2851; x_wconf 88' lang='lat' dir='ltr'>libus,</span> <span class='ocrx_word' id='word_1_302' title='bbox 294 2804 472 2856; x_wconf 88' lang='lat' dir='ltr'>pinnulis</span> <span class='ocrx_word' id='word_1_303' title='bbox 511 2817 533 2842; x_wconf 89' lang='lat' dir='ltr'>a</span> <span class='ocrx_word' id='word_1_304' title='bbox 570 2805 657 2844; x_wconf 86' lang='lat' dir='ltr'>basi</span> <span class='ocrx_word' id='word_1_305' title='bbox 697 2805 841 2846; x_wconf 88' lang='lat' dir='ltr'>latiore</span> <span class='ocrx_word' id='word_1_306' title='bbox 871 2804 1087 2844; x_wconf 86' lang='lat' dir='ltr'>attenuatis</span> <span class='ocrx_word' id='word_1_307' title='bbox 1119 2803 1460 2856; x_wconf 85' lang='lat' dir='ltr'>spinaeformibus‚</span> <span class='ocrx_word' id='word_1_308' title='bbox 1492 2805 1544 2844; x_wconf 88' lang='lat' dir='ltr'>si-</span> 
     </span>
     <span class='ocr_line' id='line_1_42' title="bbox 138 2871 1286 2924; baseline 0.002 -15"><span class='ocrx_word' id='word_1_309' title='bbox 138 2871 338 2922; x_wconf 87' lang='lat' dir='ltr'>phonibus</span> <span class='ocrx_word' id='word_1_310' title='bbox 366 2872 702 2924; x_wconf 86' lang='lat' dir='ltr'>periccntralibus</span> <span class='ocrx_word' id='word_1_311' title='bbox 733 2874 895 2912; x_wconf 85' lang='lat' dir='ltr'>circiter</span> <span class='ocrx_word' id='word_1_312' title='bbox 925 2872 962 2918; x_wconf 87' lang='lat'>7,</span> <span class='ocrx_word' id='word_1_313' title='bbox 993 2871 1201 2911; x_wconf 86' lang='lat' dir='ltr'>fructibus.</span> <span class='ocrx_word' id='word_1_314' title='bbox 1237 2903 1244 2910; x_wconf 87' lang='lat'><strong>.</strong></span> <span class='ocrx_word' id='word_1_315' title='bbox 1277 2901 1286 2911; x_wconf 91' lang='lat'><strong><em>.</em></strong></span> 
     </span>
    </p>
   </div>
  </div>
 </body>
</html>
