1728 3110
123 132 148 172 7
157 133 182 171 2
191 133 216 171 2
765 125 998 168 Cnoxnmssffl.
1457 127 1649 173 Solicrz'a.

233 260 397 299 lesseriae
428 271 481 309 sp.
513 260 581 308 Ay.
620 259 819 309 Gigartinae
850 271 902 309 sp.
934 259 1056 298 Mont.
1087 260 1298 299 Gracilariae
1329 273 1382 312 sp.
1414 264 1528 301 Grev.
1561 264 1650 302 Plo-

233 327 340 365 cariae
372 339 426 376 sp.
455 328 635 366 Endlz‘clz.

122 401 239 435 Frons
271 397 514 434 teretiuscula
544 397 775 447 dichotoma‚
806 396 942 446 triplici
974 400 1091 435 strato
1123 399 1314 434 contexta:
1353 398 1551 437 medullari
1583 400 1653 438 filis

233 465 417 512 elongatis
448 465 616 512 angustis
647 464 997 515 longitudinalibus,
1026 463 1258 502 intermedio
1284 464 1429 503 cellulis
1445 467 1653 515 majoribus

234 532 423 581 oblongis,
455 536 491 569 et
537 532 705 569 corticali
759 533 972 570 minoribus
1020 533 1255 582 subsimplici
1308 532 1408 571 serie
1459 533 1653 583 dispositis

234 599 483 637 verticalibus.
523 598 786 648 Cyscocarpz'a
819 600 854 637 in
887 600 1040 637 ramulis
1071 599 1307 649 subpropriis
1338 602 1484 639 evoluta
1517 613 1654 650 aggre-

230 672 324 717 gata,
357 668 452 704 infra
482 667 720 715 superficiem
741 668 932 717 immersa,
950 667 1214 717 subsphaerica‚
1239 670 1495 717 carpostomio
1513 674 1654 721 aperta,

232 735 434 781 gemmidia
478 736 513 772 in
553 736 622 772 tilis
660 748 678 772 a
717 736 888 784 placenta
928 735 1084 772 centrali
1130 735 1363 772 radiantibus
1402 736 1559 775 obovata
1592 738 1654 775 fo-

232 803 366 840 ventia.
400 803 698 851 Sphoerosporoe
729 804 765 840 in
798 802 951 840 ramulis
982 803 1211 852 lateralibus,
1242 804 1341 841 inter
1371 803 1526 842 cellulas
1551 806 1652 843 strati

232 868 431 908 exterioris
466 872 665 921 immersae,
698 871 885 920 oblonga),
916 871 1079 909 zonatim
1112 871 1250 909 divisae.

230 937 397 975 Frondes
429 939 675 986 cylindraceoe
707 940 911 988 elongatae,
943 950 1032 986 vage
1064 938 1305 990 dichotomae,
1335 940 1537 988 aliquando
1564 953 1654 990 seg-

119 1006 255 1044 mentis
301 1006 570 1056 adproximatis
616 1006 978 1056 subpolychotomae,
1025 1017 1238 1055 purpureae,
1284 1006 1539 1045 exsiccatione
1585 1020 1654 1046 ru-

119 1076 258 1122 gulosoe
289 1074 624 1125 subcartilaginem,
658 1074 782 1111 radice
814 1074 955 1120 (saltim
989 1075 1025 1112 in
1057 1073 1495 1123 specietypicaflibrosa
1513 1076 1654 1114 adfixae.

120 1146 273 1180 Fructus
306 1142 340 1179 in
374 1143 503 1191 phyllis
536 1144 701 1192 propriis
733 1142 963 1193 lateralibus,
1002 1141 1180 1190 utrinque
1219 1142 1433 1192 attenuatis,
1471 1142 1653 1181 immersi.

230 1210 382 1259 Triplici
427 1214 543 1247 strato
588 1214 775 1247 contoxtae
820 1214 917 1248 sunt.
990 1213 1184 1247 Internum
1228 1211 1299 1248 filis
1344 1210 1547 1247 articulatis
1587 1221 1653 1247 seu

121 1278 266 1315 cellulis
297 1278 495 1327 elongatis,
528 1278 776 1325 cylindraceis
806 1282 869 1314 aut
902 1289 977 1315 uno
1008 1278 1115 1326 apice
1140 1278 1339 1328 crassiore,
1365 1280 1484 1316 altero
1504 1279 1654 1326 longius

121 1346 280 1383 caudato
321 1340 580 1395 inscquzslibus,
621 1346 795 1383 inanibus
834 1348 897 1384 aut
935 1345 1232 1383 endocliromate
1272 1345 1474 1393 granuloso
1516 1346 1653 1384 sarctis.

122 1411 393 1451 lntermedium
426 1413 572 1450 cellulis
604 1414 750 1461 magnis
782 1412 971 1463 oblongis,
1003 1413 1211 1462 parietibus
1243 1413 1376 1451 crassis
1401 1415 1654 1451 exsiccatione

120 1482 311 1531 flexuosis,
355 1481 653 1518 endocliromate
697 1482 912 1529 granuloso.
988 1481 1270 1530 Pcripbericum
1302 1481 1446 1518 cellulis
1477 1481 1654 1519 coloratis

122 1549 310 1598 oblongis,
349 1548 583 1597 subsimplici
627 1549 726 1586 serie
768 1549 1018 1599 verticalibus,
1063 1552 1219 1587 constat.
1289 1552 1327 1586 ln
1361 1549 1513 1586 ramulis
1539 1550 1653 1596 juve-

121 1616 258 1653 nilibus
306 1616 509 1653 fructiferis
555 1617 697 1654 cellulae
743 1618 931 1654 centrales
977 1615 1082 1653 valde
1122 1617 1305 1664 elongatae
1343 1616 1586 1663 cyliudraceae
1618 1619 1655 1652 et

120 1688 465 1734 anastomosantcs3
511 1685 654 1722 cellula}
698 1684 833 1722 medias
879 1684 1010 1733 nullae,
1055 1684 1302 1733 peripliericrc
1349 1684 1385 1720 in
1431 1684 1488 1720 fila
1529 1682 1653 1721 brevia

122 1755 291 1792 evolutae.

233 1820 469 1868 Cystocarpia
515 1821 570 1865 (in
618 1832 688 1857 una
735 1820 865 1869 specie
911 1818 1125 1867 observata)
1166 1819 1202 1856 in
1244 1819 1396 1856 ramulis
1441 1818 1654 1857 lateralibus

123 1890 301 1937 utrinque
341 1888 554 1936 attenuatis,
594 1888 723 1925 medio
764 1887 916 1925 tumidis
948 1888 1174 1936 verrucosis,
1207 1877 1397 1937 immersa,
1437 1888 1540 1935 plura
1582 1885 1653 1923 ad-

123 1956 344 2007 proximata,
377 1956 621 1992 circumcirca
653 1955 851 2006 disposita,
882 1956 1026 1992 cellulis
1058 1954 1654 2002 concentrieislongitudinaliter

123 2025 308 2063 contortis
340 2024 501 2061 invicem
531 2026 713 2071 separata.
774 2024 945 2060 Placenta
977 2022 1154 2059 centralis
1186 2035 1204 2058 a
1237 2025 1342 2070 parte
1372 2021 1474 2059 strati
1507 2021 1652 2058 frondis

123 2093 238 2130 medii
272 2093 443 2140 formata,
474 2091 587 2126 altera
621 2094 725 2138 parte
758 2088 814 2137 [‘?]
847 2090 1025 2126 nucleum
1055 2089 1247 2126 ambiente
1266 2092 1302 2125 et
1320 2089 1463 2126 vicinos
1495 2089 1653 2126 nucleos

122 2163 333 2209 separante.
380 2159 450 2196 Fila
485 2157 645 2206 plurima
676 2169 694 2194 a
728 2158 898 2205 placenta
930 2167 1239 2204 quoquoversum
1272 2156 1452 2193 radiantia
1484 2156 1652 2192 clavato-

123 2230 330 2277 articulata,
364 2226 591 2275 abbreviata,
623 2224 827 2272 gemmidia
858 2224 894 2261 in
926 2224 1084 2261 articulo
1116 2235 1296 2273 supremo
1330 2224 1442 2262 fertili
1463 2224 1652 2262 obovato-

123 2295 344 2345 pyriformia
383 2292 562 2331 foventia.
630 2292 884 2340 rericarpium
924 2290 1068 2328 cellulis
1099 2291 1201 2328 strati
1234 2291 1351 2328 medii
1383 2296 1420 2328 et
1452 2290 1651 2328 exterioris

122 2361 451 2400 monostromatici
492 2361 547 2398 vix
587 2360 738 2398 mutatis
778 2360 1002 2408 formatum,
1040 2359 1176 2395 nucleo
1216 2359 1372 2408 insuper
1408 2357 1651 2395 circumcirca

124 2431 267 2469 cellulis
313 2428 581 2478 concentricis,
626 2428 663 2464 in
711 2430 866 2464 stratum
913 2429 1027 2464 tenue
1074 2427 1242 2463 clausum
1275 2425 1497 2476 conjunctis,
1537 2428 1649 2462 tecto.

124 2499 399 2547 Splirerosporae
431 2496 469 2533 in
501 2496 630 2544 phyllis
663 2494 876 2532 lateralibus
915 2492 1175 2531 fusiformibus
1208 2494 1408 2542 immersae,
1439 2492 1538 2529 inter
1568 2493 1650 2530 cel-

125 2565 217 2603 lulas
256 2564 358 2601 strati
398 2562 645 2611 superficialis
683 2563 740 2609 (in
778 2563 836 2598 lila
877 2561 955 2598 fere
994 2559 1179 2607 evolutas)
1218 2561 1450 2610 nidulanteS,
1487 2571 1650 2610 magnae,

125 2632 309 2678 oblongae,
341 2629 505 2667 zonatim
535 2629 672 2666 divisae.

235 2701 360 2735 Genus
391 2710 410 2735 a
442 2708 502 2734 me
542 2697 623 2745 ipso
665 2697 701 2733 in
738 2696 835 2744 Algis
865 2694 1156 2733 mediterraneis
1187 2696 1396 2745 fundatum,
1427 2708 1444 2732 a
1477 2697 1649 2745 plurimis

126 2770 335 2816 receptum,
378 2766 486 2804 aliter
527 2764 572 2801 ab
617 2763 697 2801 aliis
740 2764 984 2813 dispositum3
1029 2767 1214 2801 structura
1261 2765 1401 2801 fructus
1446 2764 1649 2812 capsularis

127 2832 349 2870 Cliondrieis
388 2832 614 2881 proximum.
680 2831 835 2879 Kt'itzing
872 2832 1151 2880 sphaerosporas
1187 2831 1491 2881 quadrigeminas
1536 2835 1648 2879 (cru-

127 2900 252 2938 ciatim
283 2899 439 2947 divisas)
471 2900 565 2938 falso
596 2898 789 2937 describit.
