1728 3110
161 114 183 154 8
194 114 217 154 9
228 114 250 153 8
777 115 1060 158 Rnonommffi.
1404 120 1667 162 Odontlmlia.

155 243 386 285 eorymbosa,
420 254 551 287 nempe
576 245 614 276 in
640 244 807 287 apicibus
834 246 1031 289 pinnarum
1058 246 1244 278 minorum
1270 246 1670 289 pinnato-fasciculata.,

154 302 191 333 in
233 301 361 333 eadem
399 302 555 344 pinnula
591 302 680 334 3—5
707 303 933 344 terminalia,
972 304 1073 336 brevi
1114 303 1296 345 pedicello
1336 304 1486 337 suffulta
1521 304 1669 336 lineari-

152 359 368 399 lanceolata,
402 360 447 392 ad
481 360 694 402 geniculum
728 362 902 405 quodque
935 362 1068 394 leviter
1101 364 1299 402 contracta,
1325 362 1507 405 duplicem
1535 363 1668 394 seriem

152 417 499 460 spliaerosporarum
535 419 714 459 foventia,
752 430 883 462 nempe
916 421 951 452 in
990 420 1148 462 singulis
1186 421 1354 453 articulis
1392 420 1668 464 sphaerosporas

152 476 171 508 2
212 477 411 519 oppositas.
473 476 686 510 Keramidia
724 478 768 510 ad
807 479 930 521 apices
967 480 1162 521 pinnarum
1197 479 1427 521 corymbosa,
1460 479 1556 511 infra
1592 479 1668 521 api-

153 544 229 565 cem
268 534 429 577 pinnulae
467 535 618 579 oblique
656 536 774 570 eidem
815 537 1016 569 insidentia
1054 536 1206 580 ejusque
1247 538 1349 580 apice
1388 536 1578 576 calcarata,
1606 547 1668 568 ur-

153 592 441 633 ceolam-ovata,
480 604 543 626 ore
580 595 654 626 fere
693 598 894 628 contracto.
929 616 964 618 -e
1004 596 1045 628 In
1084 595 1216 628 fronde
1253 596 1428 629 inferiore
1466 595 1666 628 sectionem

152 651 439 684 transversalem
479 652 554 684 vidi
592 663 637 684 ex
665 653 1003 696 ancipite-planam,
1031 653 1225 697 siphonem
1259 653 1460 686 centralem
1494 654 1556 684 vix
1587 652 1667 694 dig-

151 709 398 750 noscendum,
439 711 704 754 pericentrales
737 713 773 744 in
810 712 899 744 2—-3
938 713 1051 745 series
1091 712 1309 745 cellularum
1348 713 1444 744 inter
1483 711 1667 753 margines

151 771 340 808 extensas,
373 770 553 813 stratique
589 770 774 803 cortic-alis
807 771 958 804 cellulas
990 771 1034 804 ad
1068 771 1231 804 medium
1266 772 1377 803 unius
1409 772 1550 814 paginae
1584 780 1667 814 pro-

151 827 338 870 longatas,
376 831 515 861 costam
554 829 767 861 formantes.
829 830 1044 863 Substantia
1082 830 1361 862 membranacea
1399 832 1434 861 et
1472 829 1575 862 color
1611 830 1667 861 fu-

153 895 330 919 scescens.

153 1014 190 1053 6.
223 1014 269 1053 O.
314 1027 587 1053 semicos‘rATA
631 1016 760 1064 (Meri.
806 1018 930 1065 wiser.)
975 1014 1118 1053 fronde
1165 1015 1285 1067 plana
1330 1015 1484 1053 alterne
1530 1019 1570 1053 et
1610 1014 1668 1053 di-

263 1082 391 1120 stiehe
436 1082 902 1134 decomposito-pinnata
946 1082 1105 1120 inferne
1143 1082 1399 1120 caulescente
1437 1082 1668 1131 incrassata,

261 1148 354 1187 dein
393 1153 558 1195 costata,
598 1154 708 1188 costa
746 1149 932 1189 flexuosa
960 1149 1167 1188 rachidem
1200 1150 1354 1188 alterne
1384 1149 1565 1188 excisam
1597 1150 1666 1189 ob-

260 1215 371 1265 lique
421 1220 702 1267 percurrente,
755 1229 930 1267 superne
975 1221 1263 1264 evanescente,
1314 1217 1492 1270 pinnulis
1537 1217 1666 1256 denti-

260 1281 612 1330 sormi-subulatis,
644 1283 841 1322 stichidiis
872 1284 911 1322 in
939 1284 1095 1323 ramulo
1113 1284 1225 1323 brevi
1250 1286 1550 1336 supra-axillari
1576 1286 1666 1324 sub-

263 1349 701 1402 fasciculam-pinnatis
732 1351 934 1397 torulosis,
966 1352 1201 1390 keramidiis
1226 1353 1274 1390 ad
1300 1353 1435 1404 apices
1452 1353 1666 1405 pinnarum

264 1417 391 1455 dense
430 1418 679 1469 corymbosis
719 1418 759 1457 in
798 1414 922 1470 pinna
959 1419 1193 1458 abbreviata
1232 1431 1447 1459 verrucosa
1477 1420 1666 1472 subpedi-

266 1485 422 1523 cellatis
453 1485 668 1524 urceolatis
699 1486 883 1537 margine
913 1485 1194 1537 inaequalibus

241 1577 362 1609 Fucus
389 1577 649 1609 scmicostatus
676 1574 788 1608 Mert.
811 1584 916 1608 mser.

243 1633 475 1667 Rhodomela
501 1633 751 1675 corymbisera
777 1632 844 1676 Ay.
870 1632 935 1675 Sp.
957 1642 997 1674 p.
1025 1633 1102 1665 371.

242 1691 467 1725 Odonthalia
493 1692 743 1734 corymbisera
770 1690 895 1730 Grev.;
920 1689 1033 1723 Krete.
1060 1689 1123 1732 Sp.
1145 1699 1185 1732 p.
1211 1690 1293 1723 847!

242 1750 467 1784 Odonthalia
492 1750 731 1792 angustifolia
756 1747 868 1781 szdzr.
894 1748 1009 1781 Beitr.
1036 1749 1074 1780 in
1100 1746 1215 1780 Flora,
1242 1748 1331 1781 1839
1350 1757 1391 1789 p.
1418 1749 1470 1781 71.
1500 1746 1571 1780 tab.
1590 1746 1667 1780 IV!

260 1831 360 1870 Hah.
393 1831 433 1869 in
465 1843 619 1870 oceano
657 1830 828 1883 pacifico
867 1831 1174 1883 septentrionali
1211 1830 1260 1869 ad
1293 1843 1382 1870 oras
1412 1830 1663 1869 Kamtschat-

149 1897 225 1935 kae.
286 1897 378 1942 (Hb.
409 1897 627 1942 Mei-tensi)

242 1988 375 2020 Utrum
407 1987 483 2019 haec
514 1989 560 2019 sit
586 1987 713 2031 planta
733 1987 861 2029 junior
887 1988 926 2021 Ο.
953 1988 1246 2029 Kamtschaticae,
1272 2000 1317 2021 an
1344 1989 1482 2032 species
1509 1988 1664 2023 diversa.

150 2045 320 2079 decidere
357 2045 461 2078 nullo
500 2046 610 2078 modo
649 2046 835 2078 auderem.
892 2047 1109 2089 Specimina,
1141 2058 1219 2090 qua·
1249 2047 1332 2086 vidi,
1364 2050 1448 2079 sunt
1482 2048 1663 2080 tenuioris

151 2105 366 2137 substantia¹
394 2106 429 2135 et
454 2104 529 2136 fere
557 2104 846 2141 membranacea„
873 2105 1117 2138 exsiccatione
1143 2106 1386 2138 fuscescentia
1410 2107 1532 2148 potius
1552 2116 1661 2150 quam

149 2162 409 2205 nigrescentia,
444 2164 543 2194 costa
577 2163 613 2194 in
642 2163 834 2205 superiore
861 2166 964 2206 parte
990 2163 1092 2196 nulla
1119 2165 1326 2208 conspicua.
1376 2164 1417 2196 In
1443 2164 1557 2196 axilla
1583 2165 1662 2207 pin-

150 2220 245 2253 nulae
283 2220 433 2252 minutae
470 2220 710 2262 proveniunt,
747 2222 783 2252 in
822 2221 959 2264 quibus
997 2222 1274 2265 sphaerosporas
1310 2223 1456 2255 demum
1494 2222 1662 2255 evolutas

149 2280 238 2319 fore,
270 2277 397 2321 quales
428 2287 576 2321 quoque
608 2279 727 2321 pingit
759 2278 862 2316 Suhr,
895 2279 985 2311 mihi
1012 2281 1213 2313 verisimile
1241 2281 1401 2314 videtur.
1450 2281 1663 2314 Keramidia

150 2337 195 2370 ab
219 2337 276 2376 iis,
302 2347 382 2380 quac
409 2337 445 2368 in
473 2336 541 2369 Rh.
567 2336 841 2369 Kamtschatica
866 2338 951 2377 vidi,
973 2342 1029 2371 sat
1049 2339 1214 2383 diversa3
1241 2340 1657 2383 proveniuntnimirum

150 2396 188 2428 in
213 2395 381 2438 apicibus
408 2395 638 2437 corymbosis
666 2396 873 2438 pinnarum,
899 2397 935 2428 in
966 2396 1179 2430 rachidibus
1206 2399 1407 2430 contractis
1427 2401 1462 2430 et
1483 2398 1559 2430 fere
1580 2408 1661 2430 ver-

149 2455 292 2486 fucosis
325 2453 556 2495 subsingula,
587 2455 624 2485 at
657 2453 703 2486 ob
736 2453 907 2486 rachides
939 2466 1156 2489 numerosas
1183 2459 1392 2499 aggregata,
1418 2468 1528 2500 quam
1556 2458 1593 2489 in
1620 2457 1660 2490 O.

148 2511 424 2544 Kamtschatica
457 2511 575 2544 multo
608 2512 766 2550 minora⁷
804 2512 1052 2546 subdistincto
1087 2514 1268 2557 pedicello
1299 2515 1499 2547 insidentia
1530 2517 1566 2547 et
1597 2517 1660 2547 vix

150 2571 299 2613 proprie
337 2569 534 2610 calcarata,
572 2569 760 2602 urceolata
798 2570 893 2602 infra
930 2573 1219 2614 cai-postomium
1257 2573 1659 2616 verrucoso-inzequale

150 2638 281 2671 parum
320 2631 517 2668 contracta,
549 2628 747 2670 gemmidia-
779 2628 961 2660 normalia
993 2630 1166 2662 foventia.
1223 2630 1302 2672 Qua
1328 2631 1477 2673 quidem
1504 2631 1660 2663 kerami-

150 2687 299 2719 diorum
332 2686 576 2729 dispositione
613 2687 658 2719 ab
691 2686 732 2720 O.
764 2686 1035 2720 Kamtschatica
1065 2689 1171 2721 valde
1202 2689 1357 2729 abludit,
1389 2690 1460 2721 nisi
1493 2689 1659 2722 ramulos

149 2743 359 2776 fructiferos
386 2744 425 2777 Ο.
455 2739 698 2777 semicosta'tzr
719 2745 854 2777 sensim
873 2745 1090 2789 prolongari
1113 2749 1148 2779 et
1170 2747 1451 2790 dispositionem
1478 2748 1658 2781 O.Kamt-

151 2802 320 2834 sehaticae
347 2802 431 2834 dein
458 2803 547 2835 oriri
576 2803 725 2835 credere
750 2803 888 2835 liceret.

242 2860 385 2893 Nomou
418 2872 438 2892 a
469 2862 667 2894 Mcrtensio
701 2861 838 2901 datum,
869 2863 999 2903 utpote
1026 2865 1061 2893 et
1088 2862 1304 2905 primarium
1331 2864 1367 2893 et
1393 2862 1565 2895 omnibus
1591 2863 1657 2895 du-
