1728 3110
142 111 165 152 8
177 112 198 152 7
209 113 232 154 6
762 115 1044 160 RHODOMELEAE·
1387 127 1654 172 Rhodomeza.

135 241 228 279 lulis
259 242 613 294 pericentmlibus,
643 245 694 284 ab
725 245 841 286 initio
874 252 916 287 ut
944 249 1106 289 videtur
1136 253 1401 306 aequelongis‚
1430 268 1529 294 mox
1561 257 1652 296 sub-

134 307 274 345 divisis
304 308 571 357 brevioribus,
601 311 643 350 in
674 314 898 353 exteriores
944 318 1157 356 corticales
1202 319 1333 358 adhuc
1373 321 1581 361 breviores
1613 329 1653 363 et

133 374 310 413 minores
341 376 491 414 sensim
522 379 776 420 abeuntibus.
819 382 968 422 Adulta
998 385 1075 423 hoc
1105 386 1226 425 modo
1257 388 1449 426 continua
1466 389 1651 438 dicenda,

131 454 154 478 a
184 440 289 479 facie
321 442 406 481 visa
435 445 691 496 superficiem
722 449 875 488 minute
906 451 1156 499 cellulosam,
1188 454 1369 493 sectione
1391 458 1651 496 transversali

131 507 298 547 cellulas
328 510 617 561 pericentrales
648 515 697 554 ab
737 517 1008 557 exterioribus
1046 519 1116 558 vix
1162 522 1441 573 magnitudine
1470 523 1650 563 diversas

131 575 355 627 exhibens;
386 584 521 630 partes
545 581 752 631 juveniles
775 585 862 633 jam
893 586 1112 625 corticatae.

239 643 327 691 Qua
356 646 520 696 quidem
551 653 749 688 structura
778 651 933 691 frondis
964 653 1219 693 Rhodomela
1249 670 1272 694 a
1302 657 1592 710 Polysiphonia
1609 664 1650 698 et

127 710 358 763 Rytiphlaea
388 714 669 767 dignoscatur;
696 731 718 756 a
735 720 1027 772 Polysiphonia
1057 722 1222 774 insuper
1252 724 1543 777 sphaerosporis
1576 727 1646 766 du-

128 777 277 828 plicem
323 780 470 819 seriem
514 782 851 835 longitudinalem
904 787 1171 829 formantibus
1215 790 1369 841 differt3
1415 792 1646 845 Rytiphlaea

125 849 320 896 praeterea
364 847 519 887 frondis
564 852 798 891 evolutione
840 859 880 893 et
921 855 1227 896 rainiticationis
1270 872 1410 897 norma
1446 861 1643 912 peculiari

124 911 328 951 diversum
373 918 511 967 typum
557 919 705 969 prodit.
777 920 1028 973 Bostryclsta,
1075 925 1188 974 cujus
1233 925 1391 977 species
1435 929 1643 968 nonnullae

123 979 404 1028 Rhodomelae,
434 984 526 1022 aliae
556 986 860 1039 Polysiphoniae
902 994 1099 1029 structura
1141 992 1528 1044 adpropinquantur,
1560 999 1643 1034 tum

121 1047 415 1088 rainificatione
445 1052 655 1103 peculiari,
686 1059 768 1093 tum
801 1056 1093 1110 sphaerosporis
1125 1059 1339 1111 multiplici
1372 1060 1477 1098 serie
1506 1061 1642 1115 dispo-

121 1113 220 1161 sitis,
252 1118 389 1167 typum
422 1116 499 1156 sibi
530 1120 736 1171 proprium
774 1122 961 1161 vindicat.
1010 1124 1256 1164 Odonthalia
1287 1127 1482 1179 adspectu
1512 1129 1641 1180 magis

120 1193 240 1231 quam
271 1182 570 1223 characteribus
601 1191 810 1227 structura}
842 1194 882 1228 et
911 1190 1235 1231 fructificationis
1267 1193 1440 1241 diversa,
1471 1207 1524 1233 ex
1556 1209 1639 1235 om-

120 1248 236 1287 nihus
267 1249 352 1288 fere
395 1251 661 1293 Rhodomelae
706 1257 885 1295 maxime
929 1259 1169 1310 propinqua,
1215 1260 1419 1299 mediante
1464 1275 1516 1300 ex
1563 1277 1641 1302 una

117 1320 230 1367 parte
262 1317 336 1356 Rh.
369 1318 559 1367 floccosa,
592 1334 643 1360 ex
675 1323 801 1361 altera
834 1324 908 1364 Od.
941 1326 1137 1375 aleutica;
1169 1327 1238 1365 illa
1269 1327 1309 1365 in
1334 1329 1509 1378 juvenili
1535 1334 1639 1370 statu

117 1394 361 1435 compressa,
392 1387 480 1425 haec
510 1389 706 1440 subplana
745 1396 785 1429 et
814 1391 898 1429 fere
943 1397 1145 1442 ecostata;
1191 1406 1266 1432 nec
1310 1394 1446 1434 forsan
1488 1410 1639 1449 genera

116 1451 408 1501 distinxissem,
431 1455 507 1493 nisi
526 1462 823 1507 consequenter
853 1471 1001 1510 genera
1019 1460 1099 1498 alia
1129 1461 1514 1511 Rhodomelearum‚
1546 1478 1637 1516 quae

116 1519 317 1558 sectiones
349 1526 409 1560 sat
439 1524 641 1562 naturales
673 1529 712 1563 et
743 1525 881 1564 habitu
911 1527 1122 1567 distinctos
1140 1529 1304 1568 efficere
1321 1531 1520 1578 videntur,
1542 1537 1637 1572 tunc

115 1598 276 1636 quoque
306 1588 356 1626 ad
387 1589 682 1629 Rhodomelam
715 1605 921 1640 revocare,
953 1606 1119 1633 necesse
1150 1595 1301 1636 fuisset.
1336 1597 1467 1646 Quum
1499 1599 1635 1651 itaque

113 1657 182 1691 aut
211 1666 329 1693 sensu
361 1656 446 1694 fere
485 1657 735 1709 Agardhiani
766 1660 927 1710 generis
958 1661 1255 1700 Rhodomelam
1298 1664 1347 1702 ad
1379 1665 1466 1703 haec
1498 1667 1635 1706 omnia

113 1722 437 1768 extendere‚aut
467 1724 528 1762 his
559 1725 858 1765 characteribus
889 1728 1047 1767 habitus
1078 1730 1283 1781 praecipue
1315 1730 1501 1772 insistere
1533 1748 1633 1787 opus

112 1793 229 1835 esset,
247 1789 323 1828 hoc
354 1795 493 1842 utpote
524 1792 640 1831 idaeis
670 1794 941 1833 recentiorum
974 1796 1024 1834 de
1057 1795 1297 1836 limitatione
1328 1810 1522 1850 generum
1551 1815 1631 1840 ma-

111 1856 172 1907 gis
203 1862 519 1897 consentaneum
551 1860 776 1911 anteposui.

220 1925 358 1963 Genus
397 1926 677 1974 Rhodomelae,
711 1931 753 1965 ut
796 1927 969 1979 primum
1014 1929 1053 1967 in
1099 1929 1217 1983 Spec.
1263 1930 1354 1984 Alg.
1388 1932 1433 1972 C.
1465 1933 1629 1986 Agardh

109 1992 318 2030 fundatum
350 1991 438 2038 fuit,
469 1997 552 2031 tum
584 1993 702 2032 latius
733 2007 851 2045 quarn
870 1995 928 2033 sas
960 1996 1035 2035 fuit
1064 2002 1219 2048 patens,
1250 2003 1334 2037 tum
1365 2000 1480 2052 plura
1509 2001 1629 2040 valde

108 2059 356 2111 heterogena
395 2061 777 2112 comprehendebat.
835 2063 1088 2103 Divisionem
1120 2066 1281 2117 generis
1310 2068 1489 2119 suscepit
1528 2068 1627 2107 Gre-

107 2125 217 2171 ville‚
249 2126 535 2165 Odonthaliam
568 2128 893 2179 Dictyomeniam
928 2135 967 2168 et
999 2132 1293 2171 Rhodomelam
1322 2135 1513 2173 condens.
1544 2135 1627 2175 No-

106 2206 197 2230 vum
230 2205 357 2244 genus
387 2193 654 2233 Rhodomelae
684 2195 739 2233 ita
770 2196 995 2235 institutum
1029 2203 1068 2236 et
1098 2199 1394 2252 Bostrychiam,
1412 2205 1452 2240 et
1468 2202 1624 2254 species

106 2259 408 2312 Polysiphoniae
439 2265 479 2298 et
496 2261 750 2313 Rytiphlaeae,
775 2265 1165 2315 comprehendebat;
1200 2267 1446 2318 Cystoseirae
1463 2281 1624 2320 quoque

106 2326 318 2377 speciebus
349 2328 568 2374 nonnullis,
586 2342 725 2380 parum
751 2331 938 2381 cognitiS,
964 2338 1174 2371 oneratum
1201 2334 1287 2373 fuit.
1348 2336 1393 2373 In
1415 2335 1621 2386 Symbolis

104 2392 206 2431 meis
236 2398 318 2432 tum
350 2394 599 2446 Bostrychiae
631 2396 800 2447 species,
839 2401 923 2435 tum
962 2399 1271 2452 Polysiphonias
1302 2405 1342 2439 et
1372 2402 1623 2453 Rytiphlaeas

103 2459 180 2498 rite
210 2473 505 2513 separaveram,
536 2463 692 2515 species
722 2476 818 2503 vero
851 2463 1095 2517 Cystoseirae
1125 2469 1175 2506 ab
1207 2469 1531 2507 antecessoribus
1561 2469 1621 2507 in-

104 2527 308 2566 troductas
338 2528 469 2567 adhuc
498 2529 538 2567 in
571 2541 721 2581 genere
759 2530 919 2570 retinui.
980 2533 1127 2571 Postea
1164 2535 1233 2572 has
1272 2535 1428 2586 species
1459 2548 1620 2586 quoque

103 2594 152 2632 ad
196 2608 310 2633 suum
359 2597 494 2635 locum
537 2597 731 2648 relegavi.
791 2599 928 2637 Genus
973 2600 1049 2639 hoc
1093 2602 1213 2640 modo
1253 2601 1466 2640 limitatum
1498 2602 1619 2641 hodie

103 2673 311 2701 conservo.
381 2663 538 2702 Eodem
586 2664 706 2703 modo
752 2664 1002 2704 intellectum
1048 2668 1086 2706 in
1135 2668 1325 2720 operibus
1367 2668 1618 2720 Hal-veyanis

102 2729 353 2779 proponitur.
411 2731 589 2782 Kiitzing
620 2732 691 2770 sub
722 2731 886 2770 nomine
918 2732 1118 2784 Lophurae
1149 2747 1275 2786 genus
1305 2735 1528 2787 proposuit,
1559 2740 1617 2774 ta-

102 2806 193 2832 men
225 2808 357 2846 neque
387 2797 685 2838 characteribus
716 2799 820 2837 bene
851 2799 1059 2847 exhibitis,
1098 2801 1243 2852 quibus
1275 2814 1297 2839 a
1326 2801 1616 2853 Polysiphonia

102 2860 381 2912 distinguatur,
411 2876 543 2915 neque
575 2864 769 2904 limitibus
814 2865 889 2903 rite
934 2866 1076 2913 ductis,
1124 2872 1262 2919 utpote
1307 2868 1463 2920 species
1502 2870 1614 2921 Ryti-
