1728 3110
23 151 342 193 Lenormandia.
635 145 918 187 RHODOMELEAE.
1418 146 1435 186 1
1451 146 1503 188 10
1515 147 1537 188 7

25 277 62 309 fit
87 276 191 319 quasi
218 277 447 319 exceptione,
473 277 509 308 in
536 275 654 308 altera
684 276 790 318 quasi
825 275 905 318 lege
934 277 1132 319 perficitur.
1172 275 1285 310 Color
1312 288 1461 322 quoque
1488 278 1541 311 di-

24 344 161 367 versus.

24 440 60 479 6.
90 439 133 477 L.
164 452 399 477 MARGINATA
429 439 564 489 (Hook.
596 442 631 477 et
658 439 780 476 Harv.
810 442 935 486 mser.)
966 440 1109 479 fronde
1127 443 1437 481 membranacea
1456 456 1542 482 cor-

130 506 252 544 tieata
296 505 663 558 prolifieationibus
694 518 716 542 a
746 505 931 556 margine
962 510 1001 544 et
1046 507 1197 545 lamina
1241 510 1543 560 emergentibus

131 573 606 625 decomposito-ramosa,
645 572 897 623 juvenilibus
952 574 1384 628 obeordato-oblongis
1429 577 1544 628 apice

131 640 347 679 rotundato
379 639 641 691 emarginatis
671 639 854 690 margine
885 640 1062 686 serratis,
1092 641 1360 681 adultioribus
1377 643 1457 681 late
1475 643 1544 682 ob-

131 707 264 758 longis
296 706 457 752 cuiatis,
489 706 685 744 fructibus
724 706 764 744 in
807 706 912 744 ciliis
955 706 1247 758 marginalibus
1277 712 1345 746 aut
1373 721 1446 760 per
1476 722 1544 760 pa-

133 773 268 824 ginam
301 773 449 824 sparsis
481 772 741 823 subsingulis‚
773 772 973 811 stichidiis
1011 772 1264 820 lanceolatis,
1290 774 1546 815 keramidiis

131 840 329 879 obovatis.

114 907 385 940 Lenormandia
413 908 621 949 marginata
658 905 776 939 Hoole.
803 909 837 940 et
860 906 979 940 Harv.
1018 906 1107 940 Ner.
1148 907 1280 940 Austr.
1315 917 1355 949 p.
1382 908 1437 941 19.
1476 906 1548 941 tab.

24 964 85 1000 H!
109 965 190 1008 Aly.
220 964 338 997 Tasm.
364 965 404 997 in
429 963 546 998 Hook.
571 963 690 997 Lond.
718 963 850 997 Journ.
883 964 957 998 Vol.
991 964 1052 998 VI.
1078 974 1137 998 wo
1163 966 1199 998 6!
1227 965 1344 999 Flora
1378 965 1548 999 Tasman.

20 1034 59 1067 p.
98 1025 175 1058 295.
214 1022 327 1065 Phye.
365 1025 485 1056 austr.
525 1022 596 1056 tab.
638 1021 875 1056 CCXXXV!
909 1022 1021 1057 Kz'tte.
1059 1023 1186 1066 ὅρῳ.
1212 1025 1290 1059 849.
1328 1024 1440 1059 Sond.
1468 1025 1549 1067 Aly.

26 1081 152 1116 Muezl.
173 1090 214 1123 p.
241 1082 324 1115 696!

116 1142 260 1174 Exsiec.
287 1138 406 1173 Harv.
434 1139 515 1183 Aly.
543 1139 674 1173 Austr.
701 1149 760 1173 nto
785 1140 864 1174 129.

133 1210 234 1249 Hab.
268 1209 317 1248 ad
349 1193 449 1248 oras
470 1209 729 1248 Tasmanniae
760 1210 918 1259 (Gunm
951 1210 1166 1261 Harveyl).

117 1290 247 1323 Planta
273 1290 349 1322 fere
375 1289 528 1331 pedalis,
560 1290 898 1332 prolificationibus
938 1290 1372 1334 deeomposito-ramosa,
1410 1291 1550 1335 phyllis

30 1349 184 1392 singulis
211 1348 573 1392 3—4-pollicaribus‚
601 1350 842 1382 semiunciam
870 1350 932 1381 vix
960 1360 1079 1393 usque
1106 1350 1281 1393 pollicem
1307 1350 1404 1383 latis.
1439 1349 1551 1383 Costa

28 1409 100 1441 fere
126 1408 230 1441 nulla
269 1412 330 1441 aut
357 1408 456 1441 nudo
484 1408 593 1441 oculo
620 1409 731 1440 etiam
759 1410 795 1440 in
825 1407 963 1450 phyllis
1001 1409 1254 1441 adultioribus
1293 1420 1424 1453 parum
1464 1420 1549 1442 con-

29 1468 172 1510 spieua3
206 1467 433 1510 ubicumque
473 1470 596 1499 tamen
637 1478 737 1499 venae
770 1466 1056 1510 longitudinalis
1092 1468 1136 1500 ad
1176 1469 1296 1500 instar
1333 1478 1505 1511 praesens,
1531 1478 1551 1499 a

30 1527 152 1569 stipite
180 1525 225 1558 ad
253 1527 394 1569 apicem
429 1527 656 1558 continuata.
707 1525 841 1567 Phylla
878 1525 1041 1568 plurima
1079 1526 1299 1568 marginalia
1325 1529 1389 1558 aut
1420 1536 1550 1569 parum

28 1584 122 1617 intra
149 1585 354 1627 marginem
382 1587 472 1621 orta,
499 1585 617 1616 rarius
644 1595 664 1616 a
690 1584 812 1616 media
840 1585 973 1627 pagina
1000 1585 1267 1627 provenientia.
1292 1584 1397 1617 brevi
1425 1585 1551 1627 stipite

30 1641 267 1675 teretiusculo
295 1642 454 1681 suffulta,
480 1641 560 1674 basi
584 1645 748 1681 cuneata,
775 1641 859 1674 dein
876 1641 948 1674 late
974 1642 1130 1674 linearia
1157 1646 1222 1675 aut
1248 1643 1421 1685 oblonga,
1446 1645 1549 1685 apice

30 1700 223 1733 rotundata
252 1701 490 1742 emarginata,
515 1700 852 1743 prolifieationibus
886 1701 1021 1733 iteruin
1049 1712 1204 1740 ramosa,
1225 1701 1408 1742 juvenilia
1433 1702 1551 1743 magis

34 1758 190 1791 obovata
217 1762 252 1791 et
280 1760 469 1791 nascentia
494 1759 570 1791 fere
597 1758 810 1792 obcordata.
838 1759 877 1791 In
902 1760 981 1802 ipsa
1007 1761 1285 1802 emarginatura
1310 1761 1425 1803 apicis
1447 1760 1552 1792 adest

30 1817 193 1860 apiculus
221 1817 376 1855 medius,
404 1820 439 1849 et
467 1818 652 1860 margines
680 1820 767 1850 sunt
794 1819 937 1857 serrati,
976 1818 1203 1862 (leniumque
1238 1819 1415 1851 dentibus
1448 1818 1552 1851 elon-

32 1876 121 1918 gatis
155 1875 288 1919 eiliati3
326 1875 497 1908 ciliorum
537 1876 753 1909 evolutione
794 1875 922 1919 phylla
960 1887 1056 1909 nova
1094 1878 1279 1915 oriuntur,
1317 1881 1381 1910 aut
1421 1888 1551 1910 eorum

31 1935 337 1967 transmutatione
376 1934 533 1966 fructus.
584 1933 764 1967 Stiehidia
796 1938 860 1967 aut
889 1946 909 1967 a
936 1935 1030 1968 ciliis
1070 1936 1338 1979 marginalibus
1368 1940 1552 1968 transmu-

32 1993 113 2031 tata,
138 1995 202 2024 ant
236 1992 495 2024 consimilibus
535 1992 673 2035 phyllis
713 1994 867 2025 minutis
894 2004 913 2025 a
940 1995 1075 2037 pagina
1112 1995 1420 2037 provenientibus
1461 1997 1552 2033 orta,

6 2059 154 2093 *sparsa
180 2052 215 2081 et
252 2049 409 2092 singula,
446 2051 507 2082 vix
548 2052 697 2094 proprie
737 2051 951 2083 fasciculata
989 2051 1153 2092 dicenda,
1192 2053 1553 2086 lineari-lanceolata

35 2106 328 2148 submucronata,
366 2108 594 2140 semilineam
636 2109 870 2151 longitudine
911 2111 973 2141 vix
1013 2112 1235 2153 superantia,
1274 2111 1551 2154 sphzerosporas

5 2175 162 2207 vpaucas
189 2165 331 2208 duplici
369 2167 464 2198 serie
503 2166 769 2209 longitudinali
808 2167 1012 2210 dispositas
1051 2169 1225 2203 foventia.
1275 2170 1490 2202 Keramidia
1515 2171 1549 2201 in

35 2223 124 2257 ciliis
151 2226 286 2257 sensim
315 2225 442 2257 inflata
468 2225 705 2268 subglobosa7
732 2227 805 2258 cilii
835 2227 913 2259 basi
956 2228 1074 2260 sterili
1112 2229 1341 2272 pedicellata,
1368 2231 1465 2262 intra
1492 2239 1552 2272 pe-

35 2281 230 2325 ricarpium
256 2283 607 2326 polystromatieum
634 2284 834 2327 gemmidia
856 2285 1270 2330 elongato-pyriformia
1284 2287 1456 2320 foventia.
1484 2286 1552 2320 Co-

35 2337 89 2371 lor
114 2341 319 2373 coccineus.

124 2398 316 2430 Struetura
342 2400 508 2442 generis,
535 2398 668 2431 areolae
695 2398 883 2433 rhombeae
916 2401 1118 2434 admodum
1155 2403 1372 2446 conspicuae,
1399 2412 1508 2435 zonas
1533 2413 1554 2435 a

37 2464 125 2488 vena
150 2457 271 2489 media
298 2457 449 2500 oblique
476 2458 744 2490 adscendentes
772 2459 946 2493 formant.
986 2461 1025 2493 In
1053 2461 1184 2494 fronde
1213 2464 1359 2494 vetusta
1385 2464 1487 2494 costa
1513 2462 1549 2494 in

39 2514 173 2547 caulem
200 2519 481 2556 transmutatur,
508 2517 731 2549 observante
758 2518 919 2561 Harvey.

125 2571 225 2606 Ciliis
252 2578 288 2607 et
314 2576 580 2607 ramifieatione
614 2577 798 2619 przecipue
839 2577 1037 2619 marginali
1064 2577 1109 2609 ab
1136 2577 1218 2609 aliis
1245 2577 1352 2609 facile
1378 2577 1553 2610 distincta

40 2636 183 2671 species.

43 2741 258 2800 CXLII.
301 2749 534 2801 AMANSIA
566 2767 750 2807 Lamour.
780 2770 824 2807 in
854 2781 964 2807 nom).
996 2768 1102 2806 Ball.
1133 2768 1197 2806 des
1230 2767 1287 2806 Sc.
1318 2767 1424 2806 1809
1453 2768 1553 2807 Tom.

146 2830 181 2869 1.
211 2844 272 2871 wo
301 2833 365 2871 20.
395 2836 430 2871 et
457 2833 570 2872 Mem.
600 2846 671 2872 sur
700 2837 794 2874 trois
823 2848 934 2875 wouv.
969 2833 1085 2873 Genr.
1115 2835 1159 2871 in
1187 2835 1326 2873 Journ.
1356 2836 1400 2873 de
1414 2836 1554 2874 Botan.

149 2897 253 2938 1809
277 2912 319 2947 p.
351 2899 452 2951 1333
483 2900 690 2940 Amansiae
722 2902 791 2954 Sp.
822 2903 1006 2940 Lamour.
1035 2913 1104 2939 ess.
1135 2904 1171 2939 et
1197 2900 1310 2939 Auct.

131 2962 190 2998 IV.
1417 2968 1460 3001 73
