1728 3110
91 125 338 171 Laurencz'a.
740 123 970 166 Consentes.
1512 124 1570 166 75
1579 124 1603 166 5

91 267 276 301 nosperma
303 255 469 290 Lamour.
497 255 670 288 convenit.
705 254 757 286 Ad
783 255 901 296 typum
928 253 962 287 L.
990 254 1124 288 obtusae
1146 255 1297 299 condita,
1313 256 1417 288 ramis
1432 256 1606 297 supremis

92 320 233 353 alternis
269 320 304 350 et
334 314 533 349 racbidibus
566 312 759 345 minoribus
796 313 961 344 flexuosis
994 313 1097 345 aliurn
1130 315 1268 346 omnino
1304 313 1459 346 habitum
1484 314 1607 346 induit.

90 378 141 411 Ad
169 377 206 409 L.
232 374 466 417 paniculatain
492 373 606 405 forsan
634 372 723 404 inter
749 379 869 403 ornnes
896 373 1053 411 proxime
1081 373 1234 414 accedit,
1267 373 1307 405 ab
1334 373 1398 405 bac
1423 382 1504 405 vero
1532 374 1609 414 dig-

90 437 247 469 noscitur
279 433 420 466 ramulis
452 431 625 473 supremis
657 429 857 462 divaricatis
891 429 1132 472 cylindraceis,
1160 431 1340 464 sterilibus
1367 431 1608 473 fertilibusque

92 491 342 526 conformibus.
401 489 535 522 Fronde
571 487 797 520 teretiuscula
834 489 869 518 et
906 487 1046 519 ramulis
1073 488 1273 520 divaricatis
1301 498 1318 521 a
1345 489 1378 521 L.
1405 489 1609 531 pinnatitida

92 554 126 584 et
150 550 253 594 affin,
281 558 366 592 quas
393 549 570 581 exsiccata
601 546 822 587 potissimum
850 544 1042 588 ‘aemulatum
1071 545 1298 585 dignoscitur.

98 690 456 728 ¹15.L.TASMAN1CA
498 684 636 729 [Hooln
677 688 715 722 ec
753 684 871 721 Harv.
917 685 1052 728 mser.)
1101 682 1236 720 fronde
1280 683 1389 721 tereti
1429 695 1610 733 quoquo-

201 766 348 795 versum
381 755 726 804 pinnalo-ramosa,
758 752 869 789 ramis
899 751 1106 798 majoribus
1136 750 1219 799 plus
1249 751 1373 789 minus
1393 754 1612 800 regulariter

203 822 386 873 oppositis
439 820 755 869 verticillatisque‚
798 819 1010 856 minoribus
1065 818 1294 866 famulisque
1338 820 1522 867 supremis
1576 820 1611 856 in

202 889 353 929 racliide
399 888 666 937 proeminente
711 887 959 924 sub-alternis
1011 887 1404 936 erecto-patentibus,
1450 888 1612 925 ramellis

203 957 392 997 sterilibus
423 955 766 994 oboram-clavatis
797 955 1114 1005 subtrifoliatisve‚
1139 955 1335 1004 sporiferis
1353 955 1613 992 conformibus

205 1027 300 1064 infra
343 1025 490 1073 apicem
533 1025 812 1073 sphaerosporas
857 1023 893 1061 in
939 1023 1090 1060 fasciam
1134 1023 1333 1072 dispositas
1377 1022 1614 1074 gerentibus,

204 1092 429 1132 keramidiis.
460 1123 467 1130 .
501 1123 507 1130 .
542 1123 549 1130 .

187 1187 224 1220 L.
249 1184 453 1219 Tasmanica
478 1180 587 1214 Hools.
613 1184 647 1215 et
672 1179 778 1213 Ηανυ.
807 1180 843 1213 in
870 1179 976 1213 llari).
1002 1178 1086 1213 Ner.
1112 1181 1225 1213 auslr.
1246 1189 1282 1223 p.
1311 1177 1380 1212 84ῐὲ

187 1245 224 1278 L.
249 1243 418 1286 papillosa
457 1240 562 1275 Hools.
602 1242 635 1274 et
669 1239 776 1273 Ilarv.
803 1238 873 1283 Aly.
904 1238 1015 1273 Tasm.
1042 1239 1080 1273 in
1105 1237 1213 1272 Lond.
1239 1237 1366 1272 ιΙοιινη.
1400 1237 1452 1272 Π.
1473 1249 1508 1282 p.
1536 1238 1613 1274 401.

98 1305 207 1347 (excl.
233 1303 326 1346 syn.)

209 1386 295 1424 Hab.
329 1384 373 1423 ad
406 1395 490 1421 oras
520 1380 724 1420 Tasmaniae
756 1382 939 1427 (Gunnl).

191 1476 298 1509 Frons
325 1472 544 1516 S-pollicaris
571 1472 605 1502 et
630 1471 717 1502 ultra
745 1470 834 1509 (sec.
861 1468 993 1511 Harvey
1019 1476 1129 1511 usque
1156 1468 1614 1513 sesquipedalisl,crassitie

100 1543 250 1576 pennam
283 1531 518 1565 columbinam
550 1538 732 1571 superans,
769 1529 894 1560 eximie
927 1527 1139 1569 pyramidata
1167 1526 1309 1569 ambitu,
1334 1528 1501 1569 pinnatim
1527 1539 1615 1570 quo-

100 1601 311 1636 quoversum
337 1598 483 1631 ramosa,
512 1589 616 1620 ramis
643 1585 864 1619 inferioribus
892 1585 1106 1625 longioribus
1133 1586 1397 1627 patentissimis,
1423 1588 1615 1628 superiori-

99 1651 165 1684 bus
202 1650 332 1682 sensim
369 1647 587 1680 brevioribus
622 1648 806 1688 minusque
832 1645 1044 1687 patentibus.
1094 1644 1188 1676 Rami
1217 1645 1408 1686 ramulique
1434 1644 1616 1677 inferiores

102 1712 253 1753 oppositi
287 1712 346 1743 aut
378 1705 586 1748 verticillati‚
623 1705 824 1747 superiores
850 1705 884 1735 in
910 1702 1051 1735 rachide
1076 1704 1253 1744 protracta
1280 1705 1314 1734 et
1338 1703 1619 1743 supereminente

101 1770 232 1810 saepius
264 1767 397 1807 alterni,
429 1773 521 1798 nunc
555 1764 587 1796 hi
623 1772 761 1805 quoque
794 1763 957 1804 oppositi.
1012 1761 1154 1793 Ramelli
1181 1760 1329 1802 maj0res
1355 1763 1526 1803 patentes,
1554 1762 1620 1792 mi-

101 1835 205 1860 nores
236 1824 470 1867 erectiuscoli,
500 1822 575 1855 basi
617 1830 712 1864 saepe
745 1822 870 1853 eximie
897 1818 1089 1862 constricti,
1116 1820 1243 1852 lineam
1268 1820 1407 1852 circiter
1432 1819 1534 1859 longi,
1561 1827 1620 1850 se-

104 1886 279 1919 milineam
305 1883 414 1916 crassi
443 1882 566 1914 clavati
584 1883 642 1914 aut
657 1880 808 1921 obovati,
824 1879 973 1921 denique
990 1879 1175 1920 compositi
1191 1877 1345 1910 trifoliati
1360 1879 1418 1910 aut
1431 1877 1620 1922 pinnellati,

104 1945 261 1989 apicibus
293 1941 540 1977 obtusissimis,
597 1939 859 1981 Sphaerosporae
892 1940 926 1970 in
951 1939 1081 1970 nostris
1107 1937 1244 1978 adsunt,
1273 1937 1305 1968 in
1335 1935 1480 1967 fasciam
1506 1937 1621 1966 trans-

82 2004 275 2036 .versalem
300 2001 387 2035 infra
413 2001 532 2042 apices
560 1999 751 2041 dispositae.
800 1997 996 2029 Keramidia
1023 2000 1111 2035 (sec.
1139 1994 1290 2036 Harvey)
1318 1996 1351 2027 in
1378 1993 1528 2026 ramellis
1545 2001 1620 2024 raro

105 2063 271 2105 solitaria,
296 2070 392 2103 saepe
419 2060 616 2100 aggregata.
645 2057 745 2090 Color
765 2056 1164 2098 livido-purpurascenS.
1198 2052 1332 2086 Cbartae
1348 2053 1442 2084 arcte
1457 2051 1622 2083 adhaeret.

105 2122 285 2155 Structura
310 2120 522 2153 Laurenciae.

197 2181 330 2223 Harvey
362 2180 451 2212 hanc
486 2178 642 2219 speeiem
673 2184 752 2209 cum
783 2175 817 2207 L.
851 2172 1051 2216 dasypbylla
1078 2174 1113 2204 et
1137 2171 1170 2204 L.
1197 2171 1367 2213 papillosa
1393 2168 1621 2210 comparavit,

107 2238 248 2272 ramulis
274 2238 418 2270 clavatis
446 2239 625 2270 externam
651 2235 825 2277 quandam
852 2232 1113 2266 similitudinem
1129 2239 1207 2263 cum
1225 2230 1279 2262 illa
1295 2230 1393 2272 gerit,
1408 2230 1442 2261 in
1458 2229 1622 2260 caeterum

108 2308 188 2331 vero
220 2298 322 2339 longe
353 2296 509 2338 diversas,
535 2303 614 2327 cum
648 2293 724 2337 hac,
758 2301 812 2325 me
835 2279 966 2335 judioej
991 2291 1106 2323 minus
1134 2297 1236 2334 quam
1263 2297 1341 2321 cum
1366 2287 1399 2319 L.
1426 2285 1622 2329 paniculata

108 2357 280 2389 convenit.

115 2494 171 2532 46.
203 2498 235 2533 L.
267 2500 479 2531 PANICULATA
513 2491 564 2536 (J.
592 2492 657 2539 Aq.
677 2492 811 2537 mser.)
845 2490 980 2527 fronde
999 2487 1105 2526 tereti
1125 2496 1429 2535 quoquoversum
1449 2483 1625 2531 pinnato-

219 2573 378 2611 ramosa,
418 2560 530 2596 ramis
568 2560 650 2608 plus
689 2559 814 2596 minus
858 2557 1082 2605 regulariter
1126 2554 1310 2603 oppositis
1353 2549 1623 2588 verticillatisxe

219 2627 499 2678 patentissimis,
537 2626 722 2675 supremis
760 2626 797 2662 in
841 2624 988 2662 racliide
1020 2625 1192 2669 elongata
1224 2620 1360 2668 sparsis
1395 2618 1623 2668 popillsefor-

221 2697 356 2745 mibus,
388 2694 538 2732 ramulis
569 2693 757 2730 sterilibus
789 2690 982 2740 truncatis,
1013 2687 1208 2739 sporiferis
1228 2687 1263 2722 in
1283 2695 1385 2722 ramo
1404 2682 1624 2720 brevissimo

223 2763 446 2801 fasciculatis
477 2760 635 2811 papillas
666 2762 746 2798 fere
776 2759 1041 2806 referentibus,
1069 2753 1294 2793 keramidiis.
1326 2782 1332 2789 .
1366 2780 1373 2788 .
1407 2781 1414 2788 .

206 2840 376 2872 Chondria
403 2838 526 2871 obtusa
551 2846 621 2869 var.
647 2834 678 2868 ὁ.
704 2836 902 2879 paniculala
927 2834 985 2878 Ay.
1013 2842 1062 2875 sp.
1087 2841 1119 2874 p.
1148 2829 1237 2862 343ll

204 2898 303 2931 Laur.
328 2896 525 2940 paniculata
552 2893 651 2928 Ifz'c'tz.
677 2903 728 2939 sp.
748 2904 785 2938 p.
812 2892 901 2926 855?
