1728 3110
149 114 207 154 77
215 115 240 153 8
783 105 1012 148 Caoxnuiffle.
1299 103 1659 151 Bonnemaisonia.

149 244 354 290 cingentes.
421 241 538 278 Filum
579 240 743 277 centrale
782 238 911 276 tubum
944 242 1120 277 caeterum
1152 249 1307 277 vacuum
1339 240 1537 290 percurrit,
1568 240 1658 277 tubo

148 315 183 347 et
221 307 365 345 cellulis
403 308 504 345 strati
543 307 757 345 intermedii
803 307 974 356 multiplo
1020 307 1231 358 angustius,
1275 309 1387 356 longe
1424 308 1659 346 articulatum

148 381 184 413 et
229 375 484 413 endocliroma
525 377 734 413 coloratum
772 376 916 422 fovens,
946 377 1004 413 liic
1035 377 1109 413 illic
1153 387 1357 426 ramosum,
1388 377 1501 414 ramis
1531 377 1659 426 paucis

147 448 346 493 et'sparse
385 442 752 481 anastomosantibus
791 454 898 479 secus
935 444 1097 492 parietes
1140 443 1175 480 in
1223 443 1312 480 tubo
1357 445 1544 482 subvacuo
1589 457 1659 482 ex·-

148 512 262 549 tensis
308 514 344 547 et
383 511 482 547 inter
516 511 680 560 parietes
718 510 937 546 cellularum
980 511 1082 548 strati
1115 511 1329 547 intermedii
1362 511 1660 562 excurrentibus,

149 580 335 618 exteriore
366 580 496 616 barum
528 579 643 615 latere
685 578 884 614 reticulum
923 578 1185 629 efficientibus,
1217 578 1324 625 cujus
1354 578 1398 615 ad
1429 579 1487 629 fila
1518 578 1659 615 cellulae

148 647 356 696 corticales‚
388 657 581 684 ramorum
614 647 693 682 sere
724 645 768 682 ad
800 644 928 695 instar,
958 645 1083 683 adfixae
1101 649 1196 684 sunt.
1235 646 1336 684 Rami
1356 646 1479 695 itaque
1495 646 1660 693 majores

148 728 167 753 a
197 715 395 764 superficie
427 713 611 751 observati
644 716 855 750 monstrant
883 713 940 750 fila
973 713 1219 762 quadrae-ea,
1249 714 1307 750 hic
1339 714 1413 750 illic
1437 713 1660 751 articulatim

149 785 349 830 contracta,
389 792 531 818 ramosa
569 784 606 817 et
643 780 970 830 anastomosantia,
1009 792 1077 829 per
1113 784 1267 818 stratum
1301 781 1463 818 exterius
1494 781 1660 818 translu-

149 849 270 886 centia
308 853 345 886 et
384 849 429 885 ita
469 848 573 896 quasi
613 848 755 886 cellulis
795 847 1034 886 corticalibus
1073 848 1202 886 cincta.
1270 850 1408 897 Duplex
1442 849 1568 896 itaque
1598 858 1663 894 sy-

148 920 262 954 stema
296 916 515 953 cellularum
547 915 677 953 adesse
710 916 874 964 videtur3
905 915 1125 964 primarium
1156 928 1173 953 a
1206 916 1266 952 tilo
1291 916 1445 953 centrali
1466 916 1663 953 etcellulis

148 983 386 1022 corticalibus
431 983 652 1032 sormatum3
697 986 736 1019 ut
780 986 903 1020 autem
950 982 1117 1020 crassitie
1158 982 1334 1020 increscit
1375 984 1491 1033 frons,
1522 984 1663 1020 cellulae

149 1052 345 1089 corticales
376 1063 395 1088 a
426 1051 486 1088 filo
519 1051 673 1088 centrali
704 1055 926 1099 separantur
956 1054 992 1087 et
1022 1050 1273 1088 mediantibus
1291 1052 1402 1089 ramis
1421 1052 1469 1089 tili
1488 1052 1662 1089 centralis

149 1123 290 1157 tantum
322 1130 407 1156 cum
438 1118 576 1156 eodem
608 1119 813 1168 coliaercnt3
845 1120 966 1167 Spatia
1000 1119 1097 1156 inter
1128 1120 1307 1157 corticem
1326 1118 1480 1157 etfilum
1498 1118 1663 1156 centrale

150 1191 228 1224 orta
261 1186 403 1223 cellulis
433 1187 534 1223 strati
569 1186 782 1223 intermedii
815 1187 1027 1234 posteriore
1059 1187 1274 1224 evolutione
1304 1187 1520 1236 implentur.

257 1255 511 1303 Pericarpium
552 1255 659 1291 unica
691 1255 770 1291 sere
802 1254 900 1291 serie
932 1254 1149 1291 cellularum
1183 1256 1416 1292 corticalium
1448 1254 1663 1301 conflatum,

151 1322 255 1372 apice
286 1323 541 1371 carposlomio
574 1322 734 1370 regulari
765 1325 969 1371 pertusum.
1040 1323 1208 1360 Placenta
1240 1322 1372 1360 basalis
1404 1322 1521 1372 adest,
1552 1333 1571 1358 a
1601 1321 1663 1357 filo

151 1391 303 1428 centrali
346 1393 386 1426 ut
430 1390 576 1427 videtur
620 1390 790 1439 formata,
836 1391 871 1428 in
917 1391 1068 1428 cellulas
1115 1402 1237 1428 ramos
1284 1391 1487 1428 formantes
1530 1388 1663 1437 soluta,

151 1469 313 1506 quorum
362 1457 579 1495 terminales
625 1457 942 1495 obovato—clavati
1000 1459 1200 1506 gemmidia
1246 1458 1456 1496 conformia
1502 1456 1662 1503 subgra-

151 1526 283 1563 nulosa
330 1526 423 1563 intra
469 1526 683 1574 peridcrma
729 1526 916 1571 hyalinum
962 1527 1102 1564 fovent.
1180 1526 1388 1563 Gemmidia
1434 1525 1599 1563 recentia
1643 1533 1663 1559 e

151 1593 404 1642 peridermate
446 1593 582 1630 emissa
626 1593 822 1630 rotundatu
868 1593 960 1642 vidi3
1000 1593 1214 1642 periderma
1248 1595 1453 1643 collapsum
1485 1594 1665 1642 placentae

151 1662 327 1698 adhaeret.
388 1661 663 1710 Spliaerosporae
694 1661 812 1697 adhuc
844 1660 989 1708 ignotae.
1049 1661 1263 1698 Antlieridia
1294 1661 1666 1710 elliptico-oblonga,

153 1729 188 1765 in
221 1728 375 1766 diversis
405 1728 674 1777 speciminibus
707 1729 789 1764 loco
823 1727 1018 1764 keramidii
1051 1727 1302 1777 obvenientia,
1335 1729 1558 1765 invenerunt
1576 1727 1666 1765 Celzi

152 1800 317 1844 Crouau3
350 1799 572 1833 structuram
605 1796 737 1831 luorum
770 1806 813 1831 ex
844 1795 1052 1843 specimine
1089 1795 1300 1832 madefacto
1333 1806 1468 1832 eruere
1499 1794 1664 1842 nequivi.

153 1865 436 1912 Sphaerosporas
483 1864 518 1900 in
566 1864 718 1900 ramulis
762 1862 983 1900 abbreviatis
1022 1863 1459 1913 divaricato-multifidis,
1496 1873 1586 1911 quas
1629 1862 1666 1899 in

153 1931 422 1982 speciminibus
460 1931 653 1968 nonnullis
689 1930 986 1979 observaveram‚
1027 1930 1273 1967 inveniendas
1305 1942 1386 1967 esse
1417 1930 1507 1967 olim
1537 1930 1666 1978 suspi-

154 2003 256 2037 catus
287 2010 387 2048 sun13
417 1998 482 2036 sed
515 1999 646 2035 ramuli
680 1997 737 2034 isti
770 1999 854 2035 loco
886 1997 1270 2046 keramidiidispositi
1295 2000 1392 2048 sunt,
1410 2001 1446 2035 et
1462 1996 1666 2035 keramidia

158 2079 243 2105 vera
274 2068 332 2104 liic
363 2067 438 2104 illic
470 2067 505 2104 in
540 2065 677 2103 eodem
715 2065 922 2114 specimine
963 2065 1177 2102 obveniunt.
1243 2065 1422 2102 Decaisne
1456 2065 1572 2109 (Arm.
1603 2063 1665 2099 Sc.

158 2136 245 2174 Nat.
280 2135 396 2172 XVII.
425 2146 460 2182 p.
492 2133 568 2171 352
601 2137 638 2170 ec
670 2131 767 2177 356)
810 2133 845 2169 in
884 2132 972 2180 ipsis
1002 2131 1216 2168 keramidiis
1247 2132 1524 2180 sphaerosporas
1555 2142 1666 2179 gem-

156 2203 280 2241 midiis
323 2203 455 2239 mixtas
501 2200 659 2237 inveniri
705 2199 915 2247 contendit3
959 2198 1072 2247 quod,
1111 2209 1194 2235 cum
1226 2198 1271 2235 ab
1302 2199 1476 2236 omnibus
1507 2197 1666 2246 cognitis

157 2268 339 2307 Florideis
379 2269 589 2318 recederet,
629 2266 953 2305 observationibus
984 2265 1090 2303 novis
1120 2266 1277 2303 ulterius
1309 2266 1544 2315 probandum
1575 2266 1665 2304 mihi

158 2337 314 2374 videtur.

267 2406 392 2440 Genus
429 2402 762 2450 distinctissimum,
800 2402 837 2438 in
878 2400 1076 2450 speciebus
1118 2402 1287 2449 Algarum
1326 2401 1492 2452 Agaullii,
1532 2402 1665 2441 chara-

159 2470 321 2509 cteribus
360 2483 380 2508 a
418 2469 542 2506 habitu
581 2474 617 2507 et
653 2471 775 2507 fructu
814 2469 951 2519 petitis,
989 2473 1043 2505 sat
1080 2469 1177 2505 bene
1214 2468 1422 2519 fundatum,
1454 2468 1666 2507 introducta

159 2542 301 2576 tantum
337 2537 476 2586 specie⁷
506 2548 629 2586 (piam,
660 2541 816 2585 recepto
848 2546 986 2583 genere
1019 2535 1187 2584 Deliseoe,
1218 2535 1262 2572 ad
1294 2536 1364 2572 hoc
1394 2536 1665 2573 removendam

160 2606 442 2644 observationes
472 2605 703 2653 posteriores
734 2604 958 2642 docuerunt.
1017 2605 1175 2640 Greville
1208 2603 1385 2640 limitibus
1415 2602 1460 2640 ab
1484 2603 1665 2651 Agardhio

159 2673 279 2710 ductis
310 2683 427 2721 genus
457 2672 779 2711 Bonnemaisoniae
809 2670 1007 2721 adoptavit,
1040 2671 1240 2718 gemmidia
1270 2681 1358 2707 vero
1374 2671 1477 2718 quasi
1496 2670 1665 2719 pluribus

161 2741 369 2790 composita
398 2741 492 2778 baud
526 2741 594 2778 rite
624 2739 809 2777 indicavit.
868 2741 949 2787 lpse
980 2741 1013 2775 B.
1046 2740 1256 2786 elegantem
1287 2750 1305 2775 a
1336 2748 1475 2785 genere
1507 2736 1666 2785 exclusi5

160 2808 269 2844 aliam
300 2818 387 2845 vero
418 2809 583 2857 speciem
616 2805 817 2856 introduxi,
854 2816 964 2854 quam
997 2806 1318 2843 Bonnemaisonioe
1350 2805 1539 2853 pertinere
1569 2805 1666 2841 male

161 2876 365 2924 suspicatus
403 2888 496 2913 sum.
567 2875 718 2923 Klitzing
748 2875 786 2912 in
816 2872 1045 2921 Playcoloqe‘a
1081 2872 1264 2921 yeneralz·
1294 2875 1519 2911 structuram
1550 2871 1665 2908 tubu-
