1728 3110
86 129 139 175 W
134 129 337 191 ranqelz‘a.
699 128 978 175 WRANGELIEAE.
1508 136 1534 175 7
1542 136 1603 176 07

75 265 106 299 J.
145 264 205 309 Aq.
244 263 314 308 Alq.
351 263 437 297 med.
471 273 506 307 p.
546 263 582 295 Ἡ
626 261 771 296 formam
804 262 1102 303 simplicissimam
1124 262 1314 305 juvenilem
1340 264 1442 307 hujus
1469 266 1602 307 speciei

77 324 178 356 bodie
206 332 345 357 censeo.

168 383 286 422 Algam
314 389 501 424 perennem
527 379 672 412 credere
697 386 896 421 propensus
923 389 1012 412 sum.
1073 380 1271 422 Specimina
1299 390 1419 414 mense
1444 381 1534 424 Majo
1561 383 1604 414 ad

76 441 264 474 Massiliam
303 440 380 481 legi,
418 437 569 471 ramellis
611 438 752 469 omnino
791 436 977 469 denudata.
1028 437 1116 471 Num
1147 440 1264 481 itaque
1290 441 1420 472 ramelli
1449 442 1603 482 oppositi

76 500 204 541 plantas
237 498 400 539 juvenilis
437 497 471 529 in
507 504 623 528 ramos
657 497 877 538 excrescant,
905 495 1043 528 denium
1070 496 1283 539 denudatos,
1311 498 1494 540 seriusque
1519 506 1604 540 pro—

76 558 217 590 veniant
242 555 372 588 ramelli
397 554 594 587 verticillati
620 553 748 596 plantae
775 553 981 586 adultioris?

139 716 175 756 2.
206 713 433 755 Fraudibus
464 712 628 765 inferne
658 713 887 762 corticatz‘s,
920 723 1100 764 superne
1130 713 1371 754 articulatis
1402 715 1535 757 nudis.

80 818 114 856 3.
144 821 218 856 wa.
250 826 480 855 PURPURiFERA
513 817 655 861 (Harv.
688 819 825 862 mser.)
860 816 1058 854 frondibus
1090 817 1239 854 inferne
1271 818 1472 868 cortivatis,
1498 820 1604 867 apice

186 884 332 931 longius
373 884 496 932 nudis,
528 884 784 932 subpinuatim
818 883 975 920 ramosis
1006 887 1043 919 et
1073 884 1116 920 ad
1150 883 1322 931 genicula
1355 886 1603 923 verticillatim

184 951 403 1000 ramellosis,
442 952 606 989 raniellis
646 951 722 988 basi
763 951 991 989 dicliotomis
1022 963 1189 1000 superne
1220 953 1453 1001 simplicibus
1483 953 1604 990 subu—

184 1019 267 1056 latis
298 1019 428 1065 acutis,
459 1019 626 1056 articulis
658 1018 904 1056 i‘amellorum
936 1019 980 1056 ad
1016 1020 1189 1067 genicula
1222 1021 1425 1058 contractis
1455 1020 1605 1058 diame-

186 1090 243 1124 tro
275 1085 447 1136 3-4p10
481 1087 732 1135 longioribus.

167 1164 431 1198 Callitliamnion
464 1163 722 1206 purpuriferum
755 1162 862 1197 Harv.
895 1164 932 1197 in
966 1161 1049 1197 Gen.
1076 1162 1196 1197 Soulll.
1223 1162 1298 1206 Afr.
1326 1164 1374 1198 Pl.
1402 1165 1489 1207 (non
1516 1165 1604 1200 Ii'z‘ll—

74 1223 153 1267 zinq
178 1224 290 1266 spec.)

185 1294 269 1332 Hal).
302 1295 347 1332 ad
378 1297 462 1342 Cap.
496 1293 530 1330 b.
562 1293 647 1342 Spei
679 1294 890 1340 (Harveyl).

167 1370 320 1404 Frondes
354 1371 552 1412 caespitosae
580 1370 893 1412 2—3-pollica1‘es,
923 1369 1221 1412 simpliciusculae,
1249 1369 1436 1404 admodum
1463 1380 1604 1418 crassae,

75 1433 184 1463 setam
212 1431 374 1463 crassitie
400 1430 618 1470 superantes,
646 1429 752 1460 ramis
778 1428 1077 1471 simpliciusculis,
1103 1428 1332 1470 pollicaribus
1359 1433 1418 1462 aut
1441 1434 1605 1473 superio-

76 1489 171 1521 ribus
197 1487 428 1530 brevioribus,
455 1496 739 1530 quoquoversum
766 1487 1028 1526 egredientibus
1056 1487 1193 1519 obsitae.
1243 1487 1339 1520 Rami
1356 1491 1507 1523 ramellis
1524 1500 1602 1523 vcr-

76 1547 230 1581 tic-illatis
263 1547 305 1579 ad
337 1547 537 1587 geniculum
576 1545 738 1587 quodque
774 1544 1036 1585 egredientibus
1065 1546 1189 1588 ornati,
1217 1545 1452 1588 radiculisque
1479 1548 1601 1582 incho-

75 1606 226 1648 antibus,
269 1605 435 1638 corticale
476 1606 622 1637 stratum
649 1605 682 1635 in
710 1602 872 1636 inferiore
905 1605 1004 1644 parte
1032 1603 1274 1646 formantibus,
1300 1607 1445 1647 insuper
1470 1607 1602 1641 inferne

76 1666 201 1707 vestiti,
239 1672 390 1706 superne
428 1663 510 1695 nudi
549 1663 732 1695 articulati.
794 1662 936 1694 Ramclli
977 1663 1171 1695 verticillati
1205 1662 1225 1695 li
1250 1665 1413 1705 pluresve
1453 1664 1603 1707 duplicis

75 1723 230 1763 generis:
269 1722 325 1754 alii
363 1721 543 1753 breviores
585 1721 719 1761 obtusi,
762 1721 817 1753 alii
850 1721 1038 1763 longiores,
1071 1730 1176 1763 supra
1203 1722 1304 1754 basin
1331 1724 1440 1755 semel
1467 1727 1525 1756 aut
1550 1724 1604 1756 bis

75 1783 211 1825 furcati,
239 1782 318 1815 dein
344 1781 524 1823 simplices
551 1780 714 1823 elongati,
742 1780 1011 1812 6-—8-articulis
1039 1782 1254 1823 constantes,
1282 1789 1301 1812 a
1327 1782 1441 1814 medio
1464 1784 1605 1815 circiter

76 1842 205 1873 sensim
221 1841 420 1882 acuminati,
437 1839 582 1872 articulo
597 1839 691 1871 brevi
710 1841 812 1871 acuto
829 1840 1016 1870 terminati.
1042 1838 1184 1871 Ramelli
1200 1838 1379 1873 breviores
1395 1843 1604 1884 autsimpli-

76 1908 136 1932 ces
159 1899 272 1931 obtusi
296 1900 354 1931 aut
374 1899 489 1940 pinnis
516 1899 638 1939 paucis
666 1898 837 1940 oppositis
863 1898 1009 1939 pinnati.
1060 1898 1261 1930 Antlieridia
1289 1900 1323 1930 in
1350 1897 1400 1930 bis
1428 1901 1504 1943 sita,
1532 1903 1604 1932 ter—

75 1958 406 2000 minalia,etpinnis
431 1956 598 1988 brevibus
625 1956 797 1998 oppositis
824 1955 1051 1998 involucrata,
1080 1956 1264 1998 sphaerica,
1292 1957 1426 1989 cellulis
1454 1960 1513 1991 aut
1537 1959 1603 1991 filis

75 2017 292 2049 brevissimis
320 2016 464 2047 clavatis
484 2024 499 2047 a
514 2016 645 2056 puncto
672 2014 816 2046 centrali
835 2014 1051 2047 radiantibus
1067 2017 1269 2057 constituta,
1284 2015 1383 2048 valde
1400 2018 1603 2057 conspicua,

76 2075 294 2115 lutescentia,
330 2072 548 2107 densissima.
598 2075 743 2107 Articuli
770 2073 902 2106 frondis
929 2074 1104 2116 primariae
1132 2074 1301 2106 diametro
1328 2075 1500 2116 subtriplo
1527 2075 1603 2107 lon-

78 2134 203 2176 giores,
232 2141 403 2165 ramorum
430 2133 631 2173 superiores
657 2132 742 2165 nudi
768 2132 1082 2174 sesquilongiores,
1110 2133 1331 2165 raincllorum
1359 2133 1437 2174 3plo
1454 2133 1508 2164 vix
1526 2131 1603 2174 h-plo

79 2192 245 2224 diametro
272 2191 458 2231 longiores.
486 2190 651 2224 Genicula
678 2192 712 2224 in
739 2192 891 2224 ramellis
919 2192 1099 2224 evidenter
1127 2194 1320 2224 contracta.
1346 2191 1482 2223 Chartae
1509 2195 1603 2224 arcto

79 2251 244 2284 adliaeret.
271 2250 372 2283 Color
398 2250 547 2283 obscure
573 2259 783 2294 purpureus,
810 2251 1049 2284 exsiccatione
1075 2251 1253 2283 lutcscens
1281 2252 1316 2282 ct
1342 2249 1499 2283 chartam
1520 2257 1603 2282 coc-

79 2310 178 2342 cineo
206 2309 356 2349 tingens.

171 2366 290 2400 Planta
330 2367 473 2409 pulchra
513 2370 548 2401 et
584 2368 860 2410 distinctissime,
899 2369 975 2400 sine
1014 2367 1119 2400 dubio
1156 2367 1258 2409 hujus
1298 2367 1436 2407 generis
1464 2367 1602 2408 specics

79 2428 241 2466 genuina.
293 2426 315 2458 Α
345 2426 585 2469 sequentibus,
624 2435 710 2469 quas
750 2428 783 2459 in
821 2427 980 2468 plurimis
1015 2426 1209 2468 aemulatur,
1238 2425 1354 2458 differt
1379 2425 1602 2466 simplicitate

80 2485 223 2527 frondis,
257 2485 421 2517 firmitate
448 2486 482 2516 et
508 2486 667 2517 crassitie
693 2485 738 2516 fili
765 2485 933 2527 primarii,
958 2484 1041 2516 licet
1066 2484 1131 2515 boc
1158 2485 1297 2516 tenuius
1325 2484 1541 2523 corticatum,
1570 2483 1603 2512 et

79 2544 258 2584 praecipue
286 2542 439 2574 ramellis
474 2542 630 2584 multiplo
664 2541 895 2575 crassioribus
930 2542 1109 2574 eiidcnter
1135 2544 1168 2574 et
1195 2550 1211 2573 a
1240 2541 1354 2573 medio
1383 2540 1602 2580 acuminatis,

80 2601 250 2643 geniculis
279 2601 470 2633 contractis
497 2604 530 2634 et
555 2602 710 2634 articulis
745 2600 976 2633 brevioribus.
1033 2600 1167 2632 Callitb.
1205 2599 1464 2642 purpuriferum
1501 2596 1601 2632 lintz-

80 2670 130 2703 sp.
157 2663 212 2693 est
234 2659 351 2700 planta
380 2661 480 2699 longe
508 2659 654 2692 diversa.

85 2764 116 2801 4.
146 2767 219 2801 Wu.
257 2773 400 2801 PLEBEJA
444 2762 497 2807 [J.
533 2764 598 2810 Ay.
630 2766 766 2809 mser.)
801 2763 999 2801 frondibus
1031 2762 1219 2800 corticatis
1249 2760 1503 2808 subpinnatim
1538 2772 1600 2797 ra-

189 2831 304 2868 mosis
343 2834 379 2867 et
417 2830 461 2867 ad
501 2830 672 2877 genicula
704 2831 951 2867 verlicillatiin
986 2829 1195 2866 rainollosis
1227 2827 1333 2875 apice
1366 2828 1600 2876 penicillalis,

193 2898 355 2935 ramcllis
387 2896 546 2945 repetite
577 2896 933 2936 dicliotomisabasi
967 2897 1010 2934 ad
1043 2895 1189 2944 apicem
1216 2894 1381 2932 crassitie
1398 2895 1600 2943 aequalibus
