1728 3110
130 141 156 179 7
164 140 189 180 5
199 141 224 179 4
773 135 1004 180 Cfloxnmeffi.
1404 138 1652 185 Laurencz‘a.

237 270 350 308 mulis
392 269 429 306 in
474 268 581 317 apice
626 279 818 308 ramorum
870 270 1095 310 densissime
1139 272 1367 312 verticillatis
1412 276 1652 325 paniculato-

238 337 482 387 corymbosis,
525 338 713 387 supremis
756 339 910 377 alternis
955 340 1154 380 siircatisve
1199 343 1444 390 cylindraeeis
1489 344 1651 396 obtusis,

236 403 436 442 fertilibus.
470 433 478 442 .
509 434 517 443 .
550 433 558 442 .

236 482 323 520 Hab.
355 482 400 520 ad
432 494 517 521 oras
548 484 707 522 Brasiliae
738 485 876 533 (Lundl
911 486 973 525 Hb.
1003 487 1158 527 Binder!
1192 492 1229 526 et
1259 491 1457 536 Crouanl).

217 559 326 593 Frons
359 559 610 604 arborilormis‚
645 563 744 595 caule
779 563 950 596 instructa
982 565 1151 609 validiori,
1179 568 1338 600 crassitie
1364 577 1489 610 pennae
1515 570 1650 604 colum-

124 619 227 663 binae,
266 620 442 661 ramisque
478 620 697 653 tenuioribus
736 622 836 663 apice
875 624 984 664 magis
1022 627 1220 658 numerosis
1260 629 1294 659 et
1332 628 1564 671 densioribus,
1597 628 1650 662 his

125 689 264 723 quoque
298 678 373 712 basi
406 679 623 712 nudiusculis
656 681 755 721 apice
788 682 1019 724 corymbosis.
1073 683 1169 716 Rami
1202 685 1280 726 plus
1306 687 1419 720 minus
1446 688 1652 728 regulariter

125 739 288 781 oppositi,
315 738 441 778 angulo
469 738 610 770 circiter
635 738 695 771 45⁰
721 741 893 781 patentes,
921 742 1081 774 crassitie
1104 751 1229 784 pennae
1245 745 1649 787 passerinae,inleriores

125 798 256 829 sensim
294 795 455 839 obsoleti,
493 797 598 829 medii
636 798 813 838 longiores
851 799 1167 844 2—3-pollicares·⁷
1201 803 1300 843 apice
1327 813 1500 837 ramorum
1528 806 1648 838 ramuli

123 856 334 898 proveniunt
371 857 667 900 numerosissimi,
705 857 888 891 inferiores
925 859 1124 892 verticillati
1162 860 1411 905 decompositi,
1449 865 1649 905 superiores

124 915 246 946 alterni
283 916 342 946 aut
372 914 509 957 surcati,
542 923 663 947 omnes
700 917 804 949 simul
838 918 1035 958 paniculum
1063 918 1308 952 densissimam
1335 920 1648 964 subcorymbosam

123 973 327 1006 efficientes.
374 973 517 1006 Ramelli
545 974 723 1016 simplices
750 983 1034 1017 quoquoversum
1061 978 1171 1017 rigide
1198 981 1359 1019 patentes
1385 980 1594 1022 cylindracei
1615 984 1649 1014 et

123 1031 256 1074 obtusi,
282 1031 534 1066 antlieridiiseri
568 1033 705 1066 clavati.
760 1033 1034 1077 Spliaerosporas
1061 1038 1095 1069 et
1119 1035 1310 1070 keramidia
1336 1036 1463 1071 frustra
1490 1041 1647 1081 quaesivi.

122 1090 224 1123 Color
249 1091 398 1124 obscure
426 1100 637 1134 purpureus.

214 1148 441 1182 Cliaracteres
487 1150 587 1192 hujus
625 1152 757 1193 speciei
796 1153 830 1185 in
868 1153 1119 1187 ramificatione
1165 1153 1384 1188 arborisormi
1427 1156 1647 1199 potissimum

120 1209 255 1249 positos
282 1210 376 1250 puto.
426 1209 476 1241 An
504 1210 559 1241 isti
585 1209 653 1242 sibi
680 1213 851 1254 constent,
879 1219 923 1243 ex
948 1212 1201 1254 speciminibus
1227 1215 1349 1255 paucis
1365 1216 1399 1246 et
1415 1213 1646 1257 incompletis,

122 1274 199 1308 quae
237 1266 317 1309 vidi,
358 1275 426 1298 non
464 1267 566 1300 facile
605 1267 831 1310 conjiciatur,
871 1278 935 1302 nec
974 1272 1131 1311 speciem
1169 1273 1345 1313 propriam
1372 1271 1424 1304 bis
1450 1281 1646 1314 proponere

123 1333 228 1357 ausus
264 1324 418 1368 fuissem,
451 1327 517 1359 nisi
545 1335 562 1358 e
589 1327 701 1360 tribus
727 1327 874 1360 diversis
902 1328 988 1361 locis
1014 1330 1209 1371 specimina
1238 1330 1319 1363 mihi
1345 1330 1462 1364 oblata
1488 1330 1646 1374 fuissent,

122 1393 199 1426 quae
229 1383 326 1416 alteri
354 1386 486 1426 speciei
512 1385 725 1428 subjungere
752 1388 947 1429 nequirem.

121 1546 157 1583 5.
216 1543 373 1584 Fronde
404 1546 525 1584 tereti
548 1546 931 1595 pinnato-ramosa
958 1547 1219 1599 qlimclulosa,
1251 1550 1383 1589 rmm's
1415 1551 1546 1601 typice
1568 1561 1646 1602 op-

114 1614 269 1663 positis
314 1615 387 1652 aul
430 1613 693 1653 veruculatis
739 1611 860 1664 [plus
899 1617 1037 1656 minus
1068 1617 1244 1656 invicem
1273 1617 1509 1669 sejunctis]
1540 1630 1645 1670 quo—

147 1691 395 1732 quoeerswn
425 1680 740 1732 eqrede‘entzbus,
771 1683 1059 1733 superioribus
1090 1684 1348 1737 ramulesqne
1378 1687 1421 1725 in
1451 1687 1618 1727 reclude

207 1748 306 1799 plus
338 1749 475 1788 minus
506 1749 699 1800 elonqata
729 1749 985 1791 subalternis
1017 1762 1126 1802 soepe
1150 1751 1540 1804 papillceformibus.

124 1853 183 1891 014.
216 1856 246 1891 L.
278 1862 486 1890 DlvARiCATA
521 1852 573 1897 (J.
592 1840 655 1901 Ag).
674 1856 809 1898 mser.)
845 1854 978 1892 fronde
1011 1857 1119 1893 tereti
1139 1867 1445 1905 quoquoversum
1464 1857 1644 1906 pinnato-

230 1932 391 1969 ramosa,
422 1920 534 1958 ramis
565 1921 773 1968 majoribus
803 1921 1074 1973 suboppositis,
1105 1923 1315 1961 minoribus
1347 1925 1577 1973 ramulisque
1607 1926 1642 1963 in

231 1988 382 2026 racliide
414 1989 585 2036 elongata
618 1989 878 2038 subspiraliter
893 1990 1046 2027 alternis
1063 1992 1331 2039 patentissimis
1348 1991 1643 2042 subdivaricatis,

228 2057 394 2094 ramellis
439 2056 629 2093 sterilibus
673 2056 920 2104 cylindraceis
960 2057 1223 2108 obtusissimis,
1253 2059 1451 2108 sporiferis
1481 2059 1642 2097 consor-

228 2124 351 2161 mibus
391 2123 485 2160 infra
525 2123 669 2172 apicem
709 2125 989 2173 spliaerosporas
1021 2124 1056 2162 in
1090 2125 1241 2163 fasciam
1271 2126 1471 2175 dispositas
1502 2137 1643 2174 geren-

228 2192 338 2231 tibus,
369 2192 596 2229 keramidiis.
629 2224 636 2232 .
670 2222 676 2229 .
709 2223 715 2230 .

228 2271 314 2309 llab.
347 2271 382 2308 in
415 2271 508 2308 mari
541 2271 655 2308 rubro
687 2270 774 2318 (Hb.
806 2269 992 2319 Requien!
1024 2273 1191 2309 Crouan!
1223 2273 1325 2318 etc).

210 2348 318 2380 Frons
351 2346 651 2390 li—-G—pollicaris,
685 2347 909 2380 teretiuscula
943 2349 1002 2380 aut
1035 2348 1212 2381 levissime
1238 2357 1454 2393 compressa,
1480 2351 1639 2384 crassitie

118 2408 258 2440 circiter
292 2414 417 2447 pennae
443 2405 666 2448 columbinae,
692 2416 831 2439 sursum
857 2415 980 2447 parum
1007 2409 1196 2451 attenuata,
1221 2408 1465 2450 pyramidatim
1495 2407 1639 2440 decom-

116 2467 405 2508 posito-ramosa.
460 2463 555 2495 Remi
590 2464 739 2505 majores
766 2474 784 2497 e
810 2464 951 2497 rachide
987 2465 1260 2508 subcompressa
1286 2475 1408 2508 parum
1436 2466 1640 2506 regulariter

118 2523 281 2565 oppositi,
307 2530 402 2562 saepe
429 2521 562 2563 alterni,
598 2523 749 2554 minores
776 2531 897 2555 omues
925 2523 1047 2555 alterni
1076 2523 1146 2556 sere
1174 2524 1350 2565 spiraliter
1375 2524 1547 2566 dispositi,
1574 2533 1639 2566 pa-

117 2581 302 2613 tentissiini
331 2581 365 2612 et
389 2578 652 2612 subdivaricati.
699 2580 872 2614 Rachides
899 2590 1073 2614 ramorum
1099 2583 1270 2615 minorum
1294 2582 1520 2615 subflexuosi.
1571 2583 1637 2615 Ra-

118 2639 208 2671 melli
235 2638 446 2680 cylindracei
472 2638 791 2680 truncato-obtusi,
818 2638 948 2671 fertiles
975 2648 1041 2670 non
1071 2641 1204 2683 mutati,
1232 2642 1290 2672 aut
1311 2649 1446 2672 sursum
1463 2641 1637 2673 levissime

117 2697 315 2728 incrassati.
364 2695 626 2737 Spliaerosporae
653 2695 739 2728 infra
768 2698 902 2737 apicem
929 2698 962 2729 in
990 2698 1134 2729 lasci-am
1162 2698 1429 2731 transversalem
1444 2698 1635 2739 dispositae.

116 2754 217 2786 Color
243 2756 276 2787 in
303 2756 431 2786 nostris
456 2756 849 2796 purpureo-virescens.
900 2755 1102 2788 Substantia
1130 2765 1288 2800 carnosa,
1316 2756 1555 2788 exsiccatione
1571 2765 1636 2797 pa-

118 2820 190 2842 rum
218 2812 455 2852 cartilaginea.
503 2812 698 2845 Keramidia
725 2822 792 2845 non
819 2814 899 2845 vidi.

209 2868 279 2900 Sub
308 2871 446 2902 nomine
473 2870 507 2903 L.
534 2880 797 2913 cyanospermae
823 2871 912 2904 banc
937 2873 1092 2914 speciem
1120 2874 1153 2905 in
1179 2872 1337 2915 pluribus
1366 2871 1634 2904 collectionibus

117 2924 360 2960 obvenientcm
393 2928 479 2972 vidi,
512 2938 577 2961 nec
611 2938 691 2962 vero
727 2937 805 2962 cum
839 2929 871 2962 F.
906 2939 1158 2973 cyanospermo
1192 2929 1266 2963 Hel.
1293 2938 1356 2962 nec
1385 2938 1463 2963 cum
1491 2929 1524 2961 L.
1552 2938 1634 2971 cya-
