1728 3110
112 98 127 137 ¹1
140 97 163 138 2
176 99 196 138 7
207 97 231 135 0
727 96 1007 138 ltnonoufflAEAE.
1330 100 1612 145 Vanvoorstia.

103 227 197 265 nula
227 226 483 265 transversali
522 230 681 265 arcuata
720 239 743 264 a
772 238 957 265 convexa
1001 225 1106 264 facie
1152 226 1416 279 egredientia,
1455 228 1610 280 singula

104 298 172 333 aut
201 294 315 346 plura
345 294 577 340 secundata,
602 294 718 346 apice
750 294 877 333 libera
906 298 974 332 aut
1004 294 1165 332 demum
1197 295 1456 341 adhaerentia,
1475 300 1612 335 ovato-

103 361 343 407 acuminata,
388 361 519 400 folioli
565 361 813 412 marginibus
857 361 1056 400 recurvati
1101 361 1271 400 formam
1317 362 1612 408 conservantia,

103 428 237 466 media
253 433 365 481 parte
383 433 423 466 et
450 429 563 479 quasi
581 432 733 467 costata
762 428 892 467 folioli
923 428 1111 480 paginam
1143 428 1405 479 superiorem,
1424 429 1612 480 margini-

103 498 175 536 bus
207 497 458 537 tenuioribus
488 497 667 536 recurvis
690 497 924 537 inferiorem
943 497 1132 549 paginam
1148 498 1449 536 involventibus
1467 501 1507 536 et
1522 498 1612 536 sub-

102 565 405 613 claudentibus;
436 565 728 616 sphaerosporae
753 569 921 615 utroque
961 565 1086 603 latere
1119 569 1240 603 costae
1273 565 1383 603 zonis
1414 569 1613 603 transver-

102 632 252 671 salibus
297 632 517 684 dispositae,
554 632 904 683 longitudinaliter
941 632 996 670 ita
1028 632 1212 670 bifariam
1243 631 1542 684 pluri-seriatae,
1573 633 1613 670 in

102 699 260 738 cellulis
291 700 507 739 introrsum
550 699 788 752 prominulis
820 699 980 751 paginae
1010 698 1215 738 interioris
1253 698 1440 745 evolutae,
1485 699 1613 751 sphae-

102 768 211 814 ricae,
242 766 443 818 triangule
474 767 627 806 divisae.

211 835 494 874 Vanvoorstiae
526 836 663 874 Genus
694 835 922 874 admirabili
968 835 1264 887 compositione
1308 836 1531 875 Claudeam
1562 836 1616 874 ita

101 901 239 948 refert,
271 906 313 940 ut
342 902 507 941 dubium
540 902 673 941 forsan
720 902 841 940 alicui
889 902 1074 941 videatur
1110 915 1159 940 an
1187 903 1279 952 jure
1311 902 1500 941 distincta
1531 902 1615 942 fue-

101 969 180 1007 rint
210 981 372 1020 genera.
431 968 620 1007 Attamen
667 969 874 1007 nonnullae
920 973 1012 1007 sunt
1040 969 1294 1015 differentiae,
1329 983 1350 1007 a
1381 969 1526 1019 quibus
1556 974 1616 1021 ty-

102 1049 194 1088 pum
227 1037 429 1074 diversum
461 1036 665 1086 conjicere
704 1036 836 1075 liceat.
882 1036 935 1075 Ut
964 1050 1048 1075 rem
1081 1036 1184 1076 bene
1215 1037 1409 1090 exprimit
1440 1038 1616 1089 Harvey,

102 1102 370 1142 Vanvoorstia
403 1103 451 1141 ad
485 1103 704 1142 Claudeam
738 1116 827 1142 sese
859 1104 992 1151 habet,
1024 1105 1134 1143 velut
1162 1104 1442 1156 Nitophyllum
1468 1105 1517 1144 ad
1537 1105 1615 1142 De-

104 1170 327 1209 lesseriam.
389 1170 431 1208 In
464 1169 640 1209 Claudea
678 1170 865 1209 nimirum
900 1176 1010 1211 costa
1040 1172 1223 1223 quaedam
1257 1172 1404 1223 oritur3
1436 1173 1476 1211 in
1507 1172 1615 1211 Van-

102 1239 279 1277 voorstia
325 1251 438 1277 venae
485 1238 664 1289 ejusdem
711 1239 918 1290 dignitatis
963 1239 1098 1291 plures
1144 1240 1418 1279 efformantur.
1495 1241 1617 1280 Costa

102 1304 294 1345 Claudeae
324 1306 473 1345 sensim
504 1306 543 1344 in
576 1307 731 1345 caulem
764 1303 959 1356 mutatur;
991 1307 1073 1346 lobi
1094 1307 1390 1354 Vanvoorstiae,
1417 1307 1615 1346 adultiore

101 1377 214 1425 parte
247 1374 394 1412 sensim
427 1374 573 1419 deleta,
619 1374 774 1424 obliqui
815 1378 979 1412 manent
1016 1378 1055 1411 et
1084 1375 1178 1412 hinc
1209 1375 1345 1419 laceri,
1378 1374 1490 1413 illinc
1521 1387 1615 1413 con-

101 1440 212 1479 tinuo
245 1440 285 1478 in
321 1454 447 1479 novos
479 1441 594 1480 lobos
625 1445 933 1487 excrescentes:
965 1441 1004 1478 in
1038 1441 1157 1480 modo
1189 1441 1397 1479 crescendi
1424 1441 1477 1479 ita
1501 1441 1614 1479 diffe-

101 1507 272 1545 rentiam
311 1508 396 1546 fere
427 1508 550 1560 Agari
582 1514 622 1546 et
659 1507 999 1560 Tlialassiophylli
1038 1509 1235 1547 exhibent
1264 1520 1413 1559 genera
1444 1508 1614 1547 diversa.

102 1576 143 1613 ln
176 1574 354 1613 Claudea
386 1580 446 1614 est
476 1575 623 1628 pagina
653 1588 807 1613 sursum
840 1588 954 1613 versa
984 1575 1231 1622 foliolorum,
1262 1580 1446 1628 respectu
1478 1576 1615 1614 habito

101 1643 149 1681 ad
182 1643 338 1695 apicem
370 1643 472 1690 folii,
503 1657 525 1681 a
556 1656 634 1693 qua
664 1656 769 1682 nova
799 1643 924 1681 series
955 1643 1186 1682 foliolorum
1220 1644 1412 1696 pullulat;
1439 1644 1478 1682 in
1506 1645 1615 1683 Van-

102 1710 278 1748 voorstia
324 1715 463 1749 contra
509 1711 694 1749 deorsum
744 1715 996 1749 excrescunt.
1058 1710 1218 1750 Areolae
1249 1715 1422 1763 pertusae
1453 1712 1613 1750 suntin

103 1776 282 1815 Claudea
312 1778 625 1829 reetangulares,
656 1778 695 1816 in
731 1777 999 1817 Vanvoorstia
1039 1778 1262 1817 rotundatae
1303 1784 1371 1817 aut
1400 1780 1613 1831 angulatae.

103 1843 301 1883 Stichidia
333 1846 539 1896 utriusque
588 1845 748 1896 generis
779 1845 828 1884 ad
860 1845 1033 1883 eundem
1079 1849 1215 1897 typum
1265 1846 1461 1892 confecta,
1507 1847 1613 1899 posi-

101 1911 252 1950 tionem
284 1912 578 1962 aliquantulum
611 1913 825 1959 diversam,
857 1913 906 1950 ab
937 1912 1084 1952 areolis
1101 1912 1230 1951 forma
1248 1913 1417 1952 diversis
1435 1915 1613 1966 penden-

78 1965 196 2025 'tem,
227 1983 409 2029 servant;
440 1978 480 2017 in
514 1979 694 2017 Claudea
727 1984 895 2030 utroque
926 1979 1040 2031 apice
1072 1984 1302 2019 constanter
1322 1982 1458 2029 affixa,
1476 1986 1614 2034 utpote

101 2059 124 2084 a
154 2046 312 2084 venulis
344 2047 488 2085 mediis
520 2047 607 2086 folii
639 2047 942 2097 transformata;
972 2048 1013 2085 in
1045 2047 1315 2088 Vanvoorstia
1346 2050 1473 2088 altero
1499 2050 1612 2102 apice

102 2114 250 2166 saepius
280 2114 422 2161 libera,
455 2120 591 2167 utpote
623 2128 645 2152 a
676 2115 827 2154 foliolis
860 2116 989 2154 ultimi
1020 2117 1173 2156 ordinis
1198 2117 1494 2157 transformata.
1536 2119 1612 2157 Ke-

102 2181 272 2220 ramidia
302 2182 477 2233 denique
514 2182 717 2234 positione
762 2195 923 2233 quoque
968 2184 1128 2222 diversa
1173 2185 1386 2235 videntur;
1432 2185 1471 2224 in
1503 2185 1612 2224 Van-

104 2249 280 2288 voorstia
311 2261 457 2302 nempe
496 2262 645 2302 sparsa,
676 2249 717 2288 in
750 2249 930 2289 Claudea
976 2250 1080 2289 infra
1126 2251 1282 2305 apicem
1321 2265 1436 2291 venae
1465 2253 1611 2305 prima-

102 2315 173 2354 riae
205 2317 379 2356 evoluta.

106 2451 140 2490 1.
186 2450 236 2490 V.
269 2465 518 2492 SPEcTAmLis
559 2454 698 2503 (Harax
735 2453 777 2491 in
807 2453 923 2492 Hools.
954 2454 1089 2491 Journ.
1120 2456 1204 2493 Bot.
1244 2456 1318 2494 Vol.
1356 2456 1419 2494 VI.
1440 2469 1481 2504 p.
1514 2457 1610 2502 144>

214 2518 368 2558 frondis
398 2520 628 2559 fenestratae
667 2520 780 2559 venis
825 2520 1063 2571 venulisque
1104 2522 1248 2561 iterum
1293 2523 1519 2574 iterumque
1551 2537 1611 2563 se-

213 2587 416 2626 cundatim
448 2601 470 2625 a
500 2587 691 2640 prima-ria
721 2588 1042 2635 excurrentibus,
1060 2591 1245 2630 omnibus
1273 2590 1356 2629 fere
1373 2604 1489 2642 aeque
1507 2604 1611 2630 cras-

214 2654 280 2700 sis,
311 2654 526 2694 trabeculis
557 2656 891 2695 transversalibus
921 2668 1056 2694 arcum
1084 2670 1220 2696 versus
1238 2671 1382 2697 venam
1399 2659 1448 2696 iis
1473 2659 1610 2711 proxi-

213 2733 318 2759 mam
349 2721 568 2773 superioris
609 2722 762 2761 ordinis
793 2735 1020 2762 convexum
1052 2724 1330 2772 formantibus,
1367 2725 1514 2764 areolis
1552 2726 1610 2764 in-

214 2788 392 2838 terjectis
422 2789 635 2841 angulatis,
666 2789 865 2829 stichidiis
895 2790 935 2830 in
966 2791 1182 2831 trabeculis
1213 2792 1385 2831 arcuatis
1404 2792 1610 2832 sessilibus

213 2855 518 2895 ovato-conicis.
