1728 3110
76 100 330 142 ,Ztlartewsm
694 95 977 139 Ruononmffi.
1510 99 1533 140 8
1542 98 1566 139 ΕΞ
1578 99 1601 140 9

187 224 377 264 eessoriis
408 224 607 276 plurimis,
639 225 933 277 sphaerosporis
963 227 1129 266 minutis
1160 228 1200 266 in
1233 229 1452 268 trabeculae
1476 230 1604 268 latere

184 290 541 341 subirregulariter
571 290 792 342 dispositis.

165 370 365 403 Martensia
403 368 553 411 elegans
590 366 732 410 Herivy
771 367 793 400 Z.
830 377 858 401 c.
899 368 973 402 Oct.
1009 370 1109 403 1841.
1136 374 1170 404 et
1192 371 1231 404 in
1257 371 1377 405 Flora
1402 372 1505 405 1844.
1531 372 1602 406 Bd.

71 428 126 462 II.
153 437 211 461 wo
236 428 280 460 47
307 436 388 460 cum
411 425 550 459 iconeL'
598 426 715 460 Hoolc.
753 426 852 460 Icon.
880 427 951 460 tab.
978 429 1055 462 697.
1106 429 1226 463 Ham.
1252 430 1341 464 Ner.
1370 430 1502 464 Austr.
1530 431 1601 465 tub.

74 486 212 521 XLII!
258 486 360 519 ΙΙΙαν.
394 485 479 519 Bot.
516 483 557 527 of
595 484 704 519 W'est.
743 485 875 519 Austr.
911 487 950 519 in
984 486 1098 520 Iris—70.
1134 487 1266 521 Trans.
1302 488 1375 522 Vol.
1404 489 1540 523 XXII.
1560 499 1601 532 p.

73 546 154 580 537!
204 543 317 577 Kritz.
345 542 410 586 Sp.
437 542 519 587 Azy.
541 552 581 585 p.
609 544 688 576 888.

170 603 401 636 Hemitrema
445 601 616 634 Kraussii
655 599 702 634 R.
742 599 808 633 Br.
844 609 950 633 mser.
999 600 1111 634 Emm.
1151 600 1239 636 Gen.
1272 603 1326 645 pl.
1363 603 1487 646 suppl.
1524 603 1602 638 III.

82 672 106 695 2.
140 662 194 695 50.

66 672 84 705 1
163 720 309 752 Exsicc.
338 716 457 751 Htw-v.
487 716 620 750 Austr.
647 715 729 759 Aly.
757 725 816 749 wo
844 716 928 749 1101

181 787 283 826 Hab.
332 786 382 824 ad
420 799 510 825 oras
548 785 700 824 Africae
732 786 1012 825 meridionalis
1043 787 1093 825 ad
1127 788 1223 826 Port
1260 788 1379 827 Natal
1413 789 1600 832 (Krauss!

74 853 272 905 aliique);
304 854 354 892 ad
385 853 543 892 Novam
576 853 837 892 Hollandiam
869 854 1087 891 australem
1118 858 1201 892 tum
1221 854 1515 893 occidentalem
1534 856 1601 901 (ad

73 920 319 967 Fremantle,
350 920 554 972 Harveyl)
587 924 671 958 tum
703 919 945 958 orientalem
979 921 1049 967 (ad
1079 919 1355 967 New-Castle,
1384 920 1601 971 Harveyl).

164 1001 283 1033 Frons
305 999 433 1041 junior
458 999 535 1031 fere.
561 999 606 1032 ad
635 999 787 1032 modum
814 999 1026 1042 Nitophylli
1054 999 1201 1032 ocellati
1230 1010 1338 1042 parce
1364 998 1598 1043 di-polycho-

74 1061 183 1098 tonia,
221 1059 422 1100 segmentis
461 1059 564 1100 apice
604 1057 1024 1097 rotundato-truncatis,
1051 1058 1227 1090 inferiore
1266 1062 1366 1101 parte
1394 1068 1535 1101 parum,
1561 1060 1600 1089 ut

74 1117 229 1156 videtur,
255 1116 490 1159 prolongata,
517 1120 710 1159 segmenta
736 1117 873 1148 sensim
901 1116 1057 1148 dilatata
1083 1116 1246 1148 evadunt
1267 1120 1301 1148 et
1319 1117 1435 1159 magis
1451 1118 1603 1148 cuneata

74 1174 301 1218 demumque
338 1174 556 1207 ssabellatim
596 1184 770 1218 expansa,
808 1174 896 1206 122
939 1174 1092 1216 pollices
1131 1174 1242 1216 longa
1281 1177 1316 1206 et
1343 1184 1500 1217 superne
1527 1174 1603 1206 fere

73 1244 177 1277 aeque
192 1233 277 1273 lata,
293 1233 476 1266 lateribus
503 1234 660 1276 integris
688 1232 966 1269 subuudulatis,
998 1234 1101 1275 apice
1130 1233 1228 1264 iutra
1255 1233 1459 1274 marginem
1486 1242 1603 1275 angu-

74 1293 227 1325 stiorem
254 1293 470 1325 fenestrata.
515 1293 732 1325 Fenestrata
759 1301 843 1334 pars
871 1301 984 1333 supra
999 1291 1135 1323 lineam
1152 1294 1339 1323 arcuatam
1356 1291 1392 1322 in
1407 1292 1600 1332 segmento

67 1351 210 1394 juniori
249 1352 428 1394 exiguum
463 1352 620 1393 occupat
659 1350 830 1392 spatium,
869 1350 905 1382 iu
944 1349 1129 1381 adultior-e
1167 1349 1304 1380 sensim
1331 1347 1457 1389 majus,
1484 1347 1601 1380 donec

73 1410 287 1452 contiguam
325 1414 469 1453 partem
510 1407 750 1451 longitudine
778 1411 998 1451 exsuperat·7
1036 1407 1169 1440 areolae
1196 1407 1365 1438 fenestra
1392 1406 1602 1448 superiores

73 1468 226 1500 omnino
264 1470 425 1510 pertusa}
464 1470 500 1499 et
526 1466 818 1509 reetangulares‚
848 1467 1044 1499 inferiores
1071 1466 1308 1508 angustiores
1335 1467 1370 1496 et
1398 1474 1492 1507 saepe
1519 1474 1601 1497 coe-

73 1536 141 1569 cae3
179 1525 378 1558 trabeculae
417 1524 712 1567 longitudinales
751 1536 769 1557 a
796 1521 1026 1557 'membrana
1066 1523 1255 1567 duplicata
1280 1524 1463 1562 sormatae,
1490 1523 1603 1555 dorso

74 1585 246 1627 paginam
274 1586 465 1627 spectante
492 1583 711 1623 rotundam,
740 1593 760 1615 a
790 1582 971 1615 lateribus
998 1582 1181 1615 foramina
1208 1581 1463 1624 spectantibus
1489 1591 1603 1613 mem-

72 1643 208 1675 branas
248 1641 421 1674 dilatatas
459 1643 725 1681 monstrantes,
751 1642 787 1673 in
815 1641 953 1683 quibus
981 1639 1125 1672 cellulae
1153 1639 1326 1673 areolatae
1353 1640 1465 1672 series
1490 1638 1603 1672 8—12

72 1699 276 1744 pluresque
302 1700 485 1743 efficiunt3
524 1699 726 1732 trabecula
762 1698 1031 1731 ti‘ansversaIes
1057 1699 1193 1741 partini
1223 1697 1444 1737 consimiles,
1470 1699 1602 1741 partim

72 1757 374 1791 anastomosibus
400 1757 650 1796 filiformibus,
688 1758 725 1789 in
758 1757 1018 1800 superioribus
1046 1760 1081 1789 et
1108 1755 1311 1797 majoribus
1339 1757 1605 1789 numerosiori-

73 1816 153 1856 bus,
193 1816 405 1849 constitutae
446 1816 551 1858 quasi
590 1816 804 1848 accessoriae
844 1815 991 1847 adsunt.
1041 1816 1168 1857 Margo
1196 1815 1435 1846 fenestratam
1462 1816 1603 1857 partem

73 1874 251 1908 cohibens
278 1876 334 1906 est
359 1875 397 1906 in
418 1873 567 1916 juniore
595 1874 754 1913 tenuior,
780 1884 878 1906 nunc
906 1883 1013 1916 parce
1032 1873 1192 1911 dentata,
1207 1873 1243 1904 in
1264 1871 1450 1904 adultiore
1466 1871 1606 1904 firmior

74 1936 111 1966 et
147 1933 271 1973 latior,
309 1943 394 1966 raro
432 1942 562 1975 grosse
601 1932 754 1964 dentata
792 1936 856 1964 aut
896 1932 931 1963 in
959 1931 1067 1964 lobos
1097 1941 1213 1964 novos
1239 1939 1376 1973 paucos
1404 1929 1604 1962 subdivisa.

73 1990 288 2023 Keramidia
316 2001 429 2023 unam
456 1991 641 2034 paginam,
668 1992 706 2022 ni
732 1990 854 2029 fallor,
882 1992 1095 2022 constanter
1125 1989 1318 2027 servant-ia,
1338 1987 1382 2019 ad
1400 1986 1605 2019 trabeculas

73 2048 369 2092 longitudinales
396 2048 514 2089 affixa,
542 2058 766 2091 compressa.
808 2047 1083 2091 Sphaerosporae
1117 2047 1154 2078 in
1182 2045 1382 2079 trabeculis
1409 2043 1599 2086 longitud-

75 2106 237 2139 inalibus
275 2106 444 2145 evolutae,
486 2117 586 2139 nune
631 2106 885 2138 membranam
933 2104 1075 2137 areolas
1114 2106 1283 2147 pertusas
1321 2101 1605 2144 disjungentem,

74 2175 169 2197 nunc
209 2174 337 2197 coecas
375 2164 664 2207 conjungentem
693 2166 928 2207 occupantes,
955 2163 1070 2195 series
1098 2161 1224 2205 plures
1251 2164 1288 2193 at
1314 2159 1538 2202 irregulares
1565 2158 1602 2189 iu

74 2222 232 2266 singulis
259 2232 355 2266 saepe
380 2223 597 2256 formantes.

167 2281 376 2324 Segmentis
413 2280 668 2314 adultioribus
706 2279 906 2313 flabellatis
933 2280 969 2310 et
998 2275 1310 2320 simpliciusculis,
1336 2277 1446 2318 atque
1473 2272 1602 2314 ampli-

75 2339 204 2372 tudine
232 2341 349 2383 partis
375 2340 595 2379 fenestratas,
621 2338 698 2371 haec
725 2338 864 2381 speeies
892 2336 1128 2379 potissimum
1153 2330 1404 2376 dignoscenda
1430 2329 1517 2361 mihi
1546 2330 1600 2360 vi-

75 2396 196 2430 detur.
247 2397 432 2431 Caeterum
470 2397 770 2430 animadvertere
812 2395 923 2428 debui
962 2403 1020 2425 nie
1057 2393 1158 2424 varia
1195 2391 1304 2423 aliter
1330 2388 1465 2420 vidisse
1491 2396 1602 2429 quam

78 2465 119 2487 ea
144 2455 316 2488 iconibus
343 2457 563 2498 exprimunt
588 2455 729 2496 Hering
757 2456 792 2485 et
818 2453 978 2494 Harvey.
1017 2450 1145 2493 Neque
1173 2450 1270 2481 enim
1297 2448 1452 2480 sormam
1480 2444 1601 2476 trabe-

74 2513 253 2554 cularum,
292 2524 410 2557 neque
449 2515 675 2545 structuram
716 2510 930 2548 Keramidii,
964 2518 1085 2551 neque
1123 2506 1300 2549 placent-ce
1333 2504 1490 2535 sormam
1517 2512 1596 2533 eam

74 2571 159 2612 vidi,
187 2582 301 2616 quam
329 2571 469 2604 habent
498 2572 667 2603 auctores
695 2568 849 2601 laudati.

75 2697 113 2736 4.
143 2698 196 2736 M.
243 2709 424 2736 FRAGILIS
469 2695 611 2743 (Harv.
658 2694 702 2730 in
746 2692 864 2730 Hoolc.
906 2690 1042 2727 ιῙοφινη.
1084 2687 1168 2723 Bor.
1216 2684 1296 2721 Vol·
1335 2683 1397 2720 VI.
1410 2678 1460 2729 ’μ
1493 2681 1602 2730 145.)

188 2763 344 2803 frondis
390 2759 620 2800 subsessilis
651 2756 888 2798 flabellatim
921 2765 1113 2806 expansae
1144 2749 1506 2801 di-polychotomae
1536 2761 1598 2786 se-

187 2828 363 2881 gmentis
402 2825 665 2865 inferioribus
704 2822 925 2862 linearibus
956 2817 1171 2869 contiguis,
1203 2814 1479 2866 superioribus
1509 2815 1601 2854 sub-
