1728 3110
86 97 364 154 Polleafcme'a.
707 96 990 139 ammomum.
1523 101 1546 142 8
1556 102 1579 142 5
1590 102 1612 142 5

195 228 378 266 Frondes
409 228 735 266 membranaceae
766 228 1004 267 flabellatim
1036 242 1230 282 expansae
1248 231 1507 279 dichotomae,
1526 246 1616 285 seg-

87 294 233 332 mentis
264 307 371 332 nunc
403 294 532 345 magis
563 293 773 345 palmatim
805 307 911 332 nunc
941 296 1137 346 pinnatim
1171 299 1382 348 porrectiS,
1422 299 1614 350 margini-

85 361 158 399 bus
204 360 495 411 integerrimae,
542 360 659 410 apice
690 361 1181 413 rotundato-emarginato
1222 364 1510 411 increscenteS,
1542 378 1615 417 per

85 432 208 467 totam
241 426 541 478 longitudinem
573 425 707 477 planae
739 430 944 469 ecostatae,
984 440 1175 466 venarum
1207 431 1401 481 adparatu
1432 431 1614 470 ubicum-

86 506 163 544 que
193 506 410 545 percursae.
471 492 601 530 Venae
631 491 849 535 immersae,
882 493 1118 532 flabellatim
1150 508 1288 534 versus
1319 497 1524 548 margines
1542 510 1613 535 ex-

84 565 305 604 currentes,
351 558 760 608 anastomosibusque
808 559 874 596 hic
904 559 990 597 illic
1022 561 1189 609 junctae,
1221 563 1381 601 cellulis
1413 564 1613 614 elongatis

85 626 265 678 angustis
321 630 360 669 (a
393 624 609 676 superficie
640 625 726 662 fere
758 625 1040 676 cylimlraceis,
1072 632 1300 666 transversa
1331 631 1512 669 sectione
1543 643 1611 668 an-

85 692 231 744 gulatis
262 691 541 743 prismaticis),
573 692 818 730 constitutae.
876 692 1167 743 Parenchyrna,
1198 695 1313 732 venis
1344 695 1613 745 interjectum,

84 758 243 796 cellulis
288 758 478 809 oblongis
522 762 590 796 aut
634 758 1106 809 hexagono-polygonis,
1153 761 1264 798 nullo
1309 761 1518 812 adparenti
1550 776 1612 801 or-

85 825 179 863 dine
224 824 446 876 dispositis,
478 824 758 873 constituitur-3
798 837 917 875 supra
947 837 1072 862 venas
1104 826 1262 864 cellulae
1293 828 1616 878 pai-enchymatis

84 890 436 943 longitudinaliter
475 890 635 929 seriatae
667 895 707 928 et
737 890 994 942 angustiores
1026 891 1343 942 conspiciuntur.
1404 893 1449 931 In
1482 894 1617 944 specie

85 958 246 1010 generis
291 958 440 1010 typica,
487 957 647 995 cellulae
693 957 1020 1008 parenchymatis
1066 957 1107 995 in
1154 963 1321 1008 utraque
1367 959 1514 1010 pagina
1546 972 1618 1010 per

85 1025 285 1076 singulam
319 1024 464 1062 seriem
499 1023 723 1075 dispositae,
756 1027 921 1061 stratum
955 1023 1212 1075 superficiale
1243 1025 1436 1064 efficiunt.
1471 1025 1617 1063 Trans-

84 1104 201 1130 versa
246 1091 428 1129 sectione
460 1090 594 1140 itaque
627 1090 737 1129 frons
769 1090 922 1141 duplici
954 1090 1059 1128 serie
1091 1090 1343 1137 cellularum,
1382 1105 1472 1143 quae
1504 1105 1526 1130 e
1556 1105 1616 1131 re-

87 1158 209 1209 gione
255 1157 399 1209 positae
445 1162 549 1203 sunt,
589 1161 783 1195 contexta
815 1157 1005 1208 adparetg
1037 1157 1166 1208 spatio
1198 1157 1238 1196 in
1264 1159 1429 1207 juniore
1460 1160 1616 1209 majori,

86 1223 128 1262 in
173 1223 374 1262 adultiore
406 1223 491 1262 fere
529 1224 641 1263 nullo
673 1223 902 1273 interjecto,
934 1223 1093 1261 cellulae
1125 1223 1231 1262 inter
1263 1229 1474 1275 utramque
1505 1226 1616 1277 pagi-

86 1303 179 1329 nam
210 1291 466 1330 intermedia)
499 1303 693 1329 venarum
724 1290 1040 1341 conspiciantur.
1098 1290 1228 1329 Venae
1260 1291 1420 1343 siphoni
1446 1293 1612 1330 centrali

87 1358 391 1410 Polysiphoniae
424 1362 483 1404 (et
513 1361 636 1396 costae
669 1357 709 1395 in
742 1356 960 1408 generibus
992 1362 1177 1403 costatls)
1209 1358 1415 1409 analogae;
1458 1358 1616 1395 cellulae

87 1424 414 1477 pal-enchymatis
445 1424 685 1476 siphonibus
703 1424 975 1475 respondent;
1002 1424 1194 1463 corticale
1212 1428 1378 1462 stratum
1396 1425 1436 1462 in
1454 1424 1616 1463 Pollex-

87 1492 197 1530 fenia
227 1492 366 1542 itaque
397 1492 566 1531 nullum.

198 1558 368 1597 Fructus
414 1563 506 1597 sunt
541 1571 563 1596 e
594 1558 709 1596 venis
742 1558 980 1597 flabellatim
1013 1559 1323 1597 excurrentibus
1354 1557 1616 1596 reticulatim-

88 1637 166 1675 que
191 1625 343 1675 junctis
375 1629 654 1676 emergentes;
687 1624 727 1662 in
759 1629 874 1676 parte
906 1625 1115 1676 superiore
1147 1624 1302 1663 frondis
1321 1623 1502 1662 fasciculi
1521 1636 1617 1661 exe-

88 1694 159 1729 unt
204 1691 362 1729 filorum
410 1690 730 1737 articulatorum,
762 1704 785 1728 a
816 1691 975 1729 cellulis
1006 1703 1200 1729 venarum
1232 1690 1444 1728 evidenter
1474 1701 1617 1741 prove-

87 1757 267 1805 nientes;
313 1757 353 1796 in
399 1757 595 1796 inferiore
634 1757 823 1795 stichidia
870 1770 893 1794 a.
924 1757 1128 1794 fasciculis
1159 1756 1416 1808 proveniunt,
1449 1755 1618 1792 fascicu-

88 1824 170 1861 lata
214 1836 389 1874 quoque,
434 1828 473 1861 at
517 1823 557 1862 in
591 1823 762 1875 singulis
792 1823 1008 1875 pauciora;
1041 1823 1231 1861 stichidia
1261 1822 1398 1861 adulta
1429 1825 1521 1859 sunt
1549 1833 1617 1872 pe-

90 1890 239 1929 dicello
285 1890 594 1929 sub-articulato
649 1891 823 1938 suffulta,
884 1890 1262 1940 obovato-oblonga
1308 1889 1489 1933 (demum
1535 1887 1619 1924 fere

90 1957 380 2008 cylindracea),
426 1969 449 1993 a
494 1957 710 2008 superficie
763 1957 848 1994 visa
895 1956 1197 2008 sphaerosporas
1241 1953 1503 2005 irregularius
1547 1964 1619 2002 per

91 2023 295 2075 duplicem
340 2022 489 2060 seriem
533 2023 875 2073 longitudinalem
921 2021 1138 2073 dispositas
1183 2020 1434 2065 mentientia,
1476 2029 1617 2056 revera

90 2090 354 2128 verticillatas
399 2094 439 2127 et
475 2089 516 2127 in
548 2089 718 2128 articulo
751 2101 914 2140 quoque
945 2089 1081 2140 plures
1113 2094 1253 2137 (quam
1283 2086 1340 2135 2),
1372 2099 1451 2124 non
1483 2089 1617 2121 tamen

91 2156 257 2195 omnino
290 2168 312 2193 e
342 2156 512 2207 regione
543 2155 708 2208 positas,
741 2155 993 2207 generantia.
1034 2153 1234 2192 Stichidio
1263 2158 1489 2191 transverse
1507 2156 1616 2186 secto

92 2222 283 2273 siphones
315 2221 420 2259 5-7
454 2222 561 2260 circa
592 2222 815 2260 centralem
841 2221 1050 2272 adparent.
1097 2214 1616 2271 Sphaerosporaetriangulo

93 2287 248 2326 divisse.
308 2287 546 2326 Keramidia
591 2287 861 2327 consimiliter
906 2286 1116 2337 disposita,
1161 2285 1271 2323 brevi
1304 2282 1505 2336 pedicello
1536 2280 1615 2317 suf-

94 2354 206 2399 fulta,
238 2358 369 2399 ovata,
401 2354 674 2405 carpostomio
705 2351 1153 2405 aperta;pericarpium
1179 2353 1335 2388 constat
1352 2346 1508 2385 cellulis
1526 2345 1616 2383 sub-

94 2420 335 2471 hexagonis,
377 2433 398 2457 a
430 2420 517 2458 basi
548 2432 687 2458 versus
718 2418 1033 2471 cai-postomium
1067 2414 1418 2466 longitudinaliter
1447 2411 1618 2453 seriatis,

96 2486 214 2524 unica
258 2486 343 2524 fere
381 2486 486 2524 serie
517 2487 704 2524 nucleum
737 2484 1104 2531 circumdantibus;
1135 2481 1302 2519 nucleus
1332 2479 1518 2530 placenta,
1548 2477 1616 2515 ba-

95 2553 169 2590 sali
200 2552 490 2603 superpositus,
522 2556 681 2590 constat
711 2552 790 2589 tilis
821 2545 1342 2588 fasciculam-radiantibus,
1365 2543 1617 2581 dichotomo-

96 2618 323 2669 fastigiatis,
370 2618 410 2655 in
456 2618 637 2655 articulis
681 2616 961 2655 terminalibus
1007 2610 1353 2652 obovato-inflatis
1399 2608 1617 2659 gemmidia

97 2684 322 2724 conformia
352 2683 598 2722 foventibus.

207 2752 345 2789 Genus
375 2749 648 2787 Pollexfeniae
679 2748 840 2787 defectu
871 2749 1006 2789 costae,
1038 2747 1106 2780 aut
1136 2741 1268 2793 potius
1300 2743 1411 2778 Costa
1436 2739 1477 2778 111
1497 2752 1619 2778 venas

99 2818 242 2863 soluta,
273 2829 296 2853 a
326 2815 511 2866 plurimis
542 2814 834 2854 Rhodomeleis
867 2812 1085 2854 diversum,
1116 2808 1190 2844 hac
1214 2810 1309 2844 nota
1326 2806 1617 2857 Placophoram
