1728 3110
48 109 321 161 Plaeophora.
661 102 943 144 Ruonommffl.
1441 102 1458 142 1
1474 102 1525 144 ‹15
1538 102 1559 143 7

47 235 297 292 CXLVI.
338 236 671 288 PLAC(')PH(‘)RA
704 252 738 290 J.
769 251 841 297 Aa.
871 263 978 289 mser.
1024 251 1229 290 Amansiae
1259 266 1317 305 sp.
1362 253 1396 290 J.
1426 251 1499 299 Ay.
1531 254 1566 287 et

155 319 267 357 Auez‘.

46 421 173 459 Frons
203 421 324 473 plana
355 419 591 460 flabellatim
622 430 816 470 expansa,
847 417 1034 468 lobisque
1051 419 1327 457 conformibus
1345 419 1563 463 subdivisa,

154 487 525 533 monostromatica,
570 485 729 524 cellulis
760 485 799 522 in
832 498 952 523 zonas
999 487 1276 524 concentricas
1323 487 1563 537 conjunctis,

154 555 389 607 reetangule
438 553 638 603 oblongis,
683 551 773 589 aliis
811 551 1111 602 angustioribus
1157 565 1279 591 venas
1329 553 1563 591 tlabellatim

155 626 418 661 excurrentes
464 619 766 659 mentientibus.
826 618 995 656 Fructus
1036 619 1075 657 in
1108 620 1376 670 processubus
1422 620 1562 658 lilifor-

164 690 296 729 mibus
327 688 563 734 articulatiS,
595 688 633 725 in
668 687 757 725 sinu
791 686 977 725 loborum
1009 686 1565 737 submarginalibusfascicu-

154 756 246 802 latis
291 756 456 795 evoluti.
521 755 752 792 Keramidict
800 753 1261 804 ovato-globosa‚int1·a
1291 753 1564 805 pericarpium

153 823 408 867 cellulosum,
439 822 709 873 cai-postomio
753 825 949 872 apertum,
989 820 1206 871 gemmidia
1249 821 1486 872 pyriformia
1524 822 1564 860 in

154 890 327 928 articulo
375 889 578 927 terminali
620 889 778 927 filorum
810 901 832 924 a
863 887 1049 939 placenta
1087 887 1330 926 radiantium
1373 888 1565 927 foventia.

156 957 345 995 Stiehidm
378 954 580 994 filiformia
614 955 776 993 incurva
818 954 1118 1006 sphaerosporas
1151 955 1269 992 unica
1299 954 1403 992 serie
1435 955 1564 1006 longi-

153 1023 323 1062 tudinali
373 1022 589 1074 dispositas
634 1021 835 1073 triangule
881 1021 1030 1059 divisas
1077 1022 1268 1060 forent-ia.
1331 1023 1564 1061 Am‘heresszi'ia

155 1089 600 1141 lanceolam-oblonga,
631 1088 809 1140 granulis
843 1088 1121 1127 minutissimis
1153 1089 1383 1128 constituta.

153 1182 334 1221 Frondes
365 1186 610 1232 aggregatae,
652 1178 845 1217 inferiore
877 1179 1024 1231 pagina
1063 1180 1221 1217 adnatae
1253 1185 1293 1217 et
1322 1180 1563 1226 radicantes,

45 1249 280 1289 flabellatim
313 1261 521 1300 expansae,
555 1246 694 1284 incisae
725 1246 910 1296 lobisque
954 1246 1187 1285 lateralibus
1219 1247 1379 1285 demum
1425 1247 1563 1286 imbri-

45 1316 144 1355 catis
175 1316 413 1363 subdivisae2
446 1313 796 1365 longitudinaliter
827 1313 1063 1351 flabellatim
1096 1314 1246 1352 striatae
1273 1319 1313 1351 et
1330 1314 1441 1353 zonis
1472 1315 1562 1353 sub-

44 1382 313 1421 concentricis
345 1381 602 1419 transversim
637 1384 805 1418 zonatae.
853 1379 1023 1418 Cellulae
1055 1380 1259 1425 nimirum,
1292 1381 1410 1420 unico
1441 1385 1563 1419 strato

43 1449 234 1487 laminam
266 1447 420 1486 frondis
451 1446 691 1492 efficientes,
735 1451 825 1484 sunt
870 1446 992 1484 etita
1038 1447 1388 1498 longitudinaliter
1427 1460 1563 1499 super-

43 1515 199 1567 positae,
243 1518 285 1553 ut
327 1514 442 1552 strias
488 1513 724 1552 flabellatitn
770 1518 1048 1557 excurrentes,
1088 1518 1123 1551 et
1157 1514 1480 1552 transversaliter
1510 1514 1563 1552 ita

44 1583 341 1635 adproximatae
374 1586 415 1619 ut
453 1593 571 1618 zonas
619 1580 896 1619 concentricas
941 1580 1134 1618 efficiant.
1196 1581 1237 1618 ln
1271 1581 1365 1619 lobo
1389 1581 1561 1630 juvenili

42 1654 133 1688 sunt
163 1642 332 1687 cellulae
351 1648 481 1699 magis
511 1647 746 1698 rectangule
786 1647 1011 1698 hexagonae
1043 1651 1083 1685 et
1114 1647 1153 1685 in
1187 1660 1307 1685 zonas
1338 1648 1563 1686 concentri-

42 1730 108 1755 cas
139 1715 356 1761 ordinatae:
400 1714 494 1753 lobo
534 1714 763 1765 centrifuge
809 1713 1059 1752 increscente
1091 1718 1131 1751 et
1162 1727 1277 1752 novae
1309 1728 1421 1753 zonae
1452 1714 1563 1752 adul-

42 1783 212 1823 tioribus
242 1782 298 1820 ita
329 1786 667 1833 superponuntur,
700 1786 741 1818 ut
778 1780 1008 1832 superiores
1050 1780 1209 1819 cellulae
1240 1794 1329 1819 cnm
1363 1781 1562 1820 inferiori-

44 1851 117 1890 bus
147 1849 361 1894 alternent,
393 1852 433 1886 et
463 1848 684 1886 adultiores
723 1847 882 1885 cellulae
922 1860 1109 1886 zonarum
1151 1847 1387 1886 inferiorum
1428 1848 1562 1886 subdi-

43 1918 235 1957 viduntur
265 1917 333 1962 ita,
367 1921 407 1954 ut
427 1916 597 1967 singulis
627 1929 743 1955 novae
760 1919 886 1954 terna·r
918 1915 1162 1964 formantur;
1194 1916 1327 1955 media
1344 1921 1563 1961 ternorum,

44 1984 281 2023 lateralibus
311 1982 532 2034 angust-ior,
567 1982 679 2033 quasi
712 1995 856 2020 venam
888 1982 993 2020 inter
1024 1983 1192 2020 cellulas
1222 1983 1410 2021 laterales
1433 1983 1562 2034 magis

43 2050 418 2103 parencbymaticas
449 2049 669 2088 constituit.
730 2049 1019 2088 Subdivisione
1057 2049 1291 2088 continuata
1321 2050 1560 2088 cellularum

43 2117 201 2156 cellulae
232 2117 453 2155 adultiores
483 2116 738 2167 angustiores
768 2120 809 2154 et-
840 2115 1046 2167 longiores
1076 2117 1284 2168 adparent,
1317 2121 1357 2155 et
1387 2117 1561 2168 longitu-

43 2184 138 2222 dine
169 2184 423 2222 latitudinem
472 2182 677 2221 multotius
722 2186 938 2234 superante
983 2183 1143 2221 cellulae
1174 2182 1214 2221 in
1248 2182 1418 2221 diversis
1449 2183 1561 2221 zonis

43 2250 213 2301 singula»,
244 2249 414 2300 singulis
445 2248 710 2300 superposita}
751 2249 959 2300 adparent.
1020 2248 1191 2288 Cellulae
1222 2249 1359 2299 itaque
1389 2249 1430 2286 in
1460 2249 1561 2287 infe-

43 2317 149 2355 riore
195 2321 234 2354 et
279 2316 410 2354 media
455 2319 567 2367 parte
614 2315 816 2353 frondium
865 2316 1217 2366 longitudinaliter
1254 2320 1295 2352 et
1323 2314 1560 2353 flabellatim

45 2383 201 2421 seriata>
233 2395 356 2420 venas
388 2381 647 2427 mentiuntur,
678 2381 717 2419 in
743 2381 916 2430 juvenili
958 2381 1211 2432 potissimum
1243 2381 1282 2418 in
1315 2394 1434 2419 zonas
1465 2393 1559 2420 con-

47 2450 257 2496 centricas,
289 2449 403 2486 venis
434 2448 733 2498 angustioribus
764 2461 987 2500 percursas,
1018 2447 1225 2499 dispositae
1255 2448 1460 2499 adparent.

155 2516 323 2554 Fructus
353 2515 393 2552 in
432 2515 698 2565 proeessubus
737 2514 912 2566 propriis
952 2514 1221 2559 ffliformibus,
1260 2514 1481 2552 articulatis
1520 2520 1560 2553 et

51 2581 359 2634 polysiphoniis,
390 2581 429 2618 in
463 2580 627 2619 sinubus
658 2581 763 2619 inter
794 2581 908 2620 lobos
940 2580 1058 2626 natis,
1089 2581 1310 2632 amargine
1340 2587 1408 2620 aut
1438 2582 1557 2633 paulo

51 2649 156 2687 intra
184 2648 407 2699 marginem
441 2647 740 2698 emergentibus
772 2646 936 2686 evoluti.
971 2645 1170 2684 Stichidia
1200 2645 1434 2686 fasciculata
1463 2648 1556 2686 sim-

50 2714 173 2766 plicia
203 2713 410 2751 filiformia
440 2713 713 2751 obtusiuscula
744 2714 921 2759 incurva,
954 2716 1181 2751 extrorsum
1208 2713 1460 2753 subtorulosa
1479 2714 1557 2753 fer-

45 2780 144 2826 tilia,
176 2780 391 2819 introrsum
423 2778 594 2829 aequalia
623 2779 813 2831 siphones
843 2778 1002 2817 steriles
1032 2778 1246 2825 servantia,
1278 2779 1382 2818 intra
1411 2781 1556 2820 articu-

49 2846 108 2885 los
148 2847 448 2899 sphaerosporas
493 2845 684 2897 singulas,
729 2858 844 2885 secus
887 2848 1139 2884 curvaturam
1183 2849 1393 2886 externam
1438 2848 1557 2888 unica
