1728 3110
164 144 255 185 750
799 140 1028 183 CuonnuiEAE.
1428 138 1680 184 Laurencz'a.

162 286 257 320 saepe
288 274 504 318 prolongatis
537 274 571 305 et
600 271 670 304 sere
704 271 875 305 subulatis
902 273 1002 314 apice
1029 274 1144 305 tamen
1170 270 1307 304 obtuso,
1356 270 1451 306 Rami
1480 273 1678 315 superiores

163 338 260 368 extra
286 335 466 375 crespitem
492 340 614 374 parum
639 331 911 372 proeminentes,
937 329 1206 373 subpaniculati,
1233 330 1338 362 ramis
1364 331 1577 374 ramulisque
1592 340 1680 364 con-

162 393 275 425 stituti
312 392 520 434 numerosis,
558 390 751 432 majoribus
789 388 997 421 dichotomis
1035 390 1176 422 alternis
1215 391 1274 422 aut
1308 398 1404 431 saepe
1430 392 1601 433 oppositis
1626 391 1679 423 vel

162 451 378 483 verticillatis
403 449 615 493 patentibus,
642 448 835 481 minoribus
861 449 895 480 in
921 447 1062 480 rachide
1088 457 1210 489 parum
1238 448 1397 489 elongata
1419 457 1515 489 saepe
1530 449 1681 482 adscen-

164 509 266 541 dente
294 510 328 540 et
352 510 494 541 incurva
521 508 676 549 alternis,
702 506 823 539 ramuli
845 504 1002 547 juniores
1029 505 1310 549 papillaeformes,
1338 506 1527 539 adultiores
1554 508 1681 540 eximie

164 569 199 599 at
223 567 374 599 breviter
399 567 540 607 clavati3
567 564 726 608 sporiseri
753 564 1177 607 divaricato-corymbosi,
1204 564 1292 597 infra
1318 565 1538 607 superficiem
1559 574 1681 597 verru-

164 626 320 658 culosam
346 624 611 667 sphaerosporas
638 623 776 664 generis
802 622 972 655 foventes.
1020 621 1215 656 Keramidia
1242 624 1276 655 in
1303 626 1408 657 ramis
1434 625 1547 658 minus
1573 625 1681 658 dense

165 684 392 727 corymbosis‚
419 684 462 716 ad
488 683 638 716 ramulos
664 682 822 714 lateralia
848 690 980 723 sparsa,
1008 682 1318 726 ovato-sphaerica,
1345 683 1529 723 gemmidia
1545 684 1682 724 generis

165 743 391 774 continentia.
440 741 541 774 Color
566 741 905 774 carneo-lutescens.
956 739 1156 774 Substantia
1183 742 1490 783 subcartilaginea.

257 800 307 833 Ad
332 801 461 833 formas
487 800 521 832 L.
550 799 686 833 obtusae
712 799 802 832 banc
828 808 966 842 quoque
994 800 1075 832 olim
1101 801 1433 843 retuli3accuratius
1449 802 1683 834 examinatam

166 860 440 892 diversissimam
477 858 577 892 video
615 860 650 890 et
687 857 730 890 ad
768 857 895 890 tribum
922 857 957 890 L.
984 857 1135 891 Forsteri
1161 859 1417 901 quodammodo
1444 859 1683 892 accedentem.

167 918 354 954 Crescendi
389 917 490 950 modo
523 917 691 958 peculiari
726 917 920 958 specimina
955 917 1127 958 completa
1160 917 1261 950 facile
1287 918 1555 959 distinguantur.
1605 917 1687 950 Pars

166 977 326 1019 superior
351 978 488 1016 arrepta
515 984 594 1008 curn
620 975 723 1008 variis
756 974 944 1017 speciebus
978 974 1221 1019 confundatur,
1253 978 1358 1018 prout
1383 978 1468 1010 rami
1495 979 1554 1010 aut
1578 978 1688 1017 magis

167 1037 318 1078 oppositi
346 1038 403 1068 aut
429 1034 552 1067 alterni
579 1035 659 1066 sint.

259 1094 367 1136 Hujus
394 1093 525 1135 speciei
552 1093 641 1134 parti
669 1092 777 1125 sterili
805 1093 1005 1126 consimiles
1032 1092 1152 1127 sormae
1178 1093 1349 1127 intricatae
1375 1095 1410 1127 in
1435 1094 1588 1128 maribus
1603 1094 1690 1128 cali-

168 1155 324 1188 dioribus
361 1154 437 1186 aliis
474 1160 612 1194 quoque
651 1154 851 1195 occurrunt,
889 1160 967 1194 quae
1005 1154 1119 1185 utrum
1153 1153 1351 1194 specierum
1376 1155 1595 1196 propriarum
1621 1155 1692 1186 sint

169 1215 285 1254 partes
323 1212 472 1254 steriles,
511 1210 604 1252 quod
642 1211 862 1254 crediderim,
902 1219 944 1243 an
983 1212 1182 1253 specierum
1221 1213 1439 1252 cognitarum
1476 1214 1545 1245 sint
1570 1212 1689 1245 sormae

170 1272 383 1313 aberrantes,
421 1279 439 1302 e
479 1270 555 1302 loco
588 1270 693 1302 natali
728 1269 933 1312 pendentes,
962 1279 1054 1311 aegre
1081 1270 1301 1311 dijudicatur.
1358 1270 1448 1304 Talis
1475 1271 1518 1304 ad
1544 1270 1691 1303 insulam

169 1328 324 1361 Francise
350 1328 493 1361 obvenit
518 1328 638 1372 forma,
665 1336 768 1370 quam
793 1327 827 1359 L.
856 1328 1039 1362 obtusam?
1068 1338 1138 1362 var.
1155 1338 1280 1362 uanam
1297 1329 1691 1372 denominavitHarvey.

170 1386 280 1431 (Alqae
310 1384 448 1430 Tell'az'r.
475 1396 510 1420 n.
537 1387 590 1419 Μ.
618 1386 654 1420 in
679 1384 787 1420 Hoolc.
813 1385 941 1421 Journ.
966 1385 1044 1422 Boc.
1071 1387 1100 1421 I.
1122 1397 1157 1431 p.
1186 1387 1282 1430 447).

175 1547 207 1587 4.
266 1547 423 1589 Fronde
453 1547 573 1588 teresi
597 1547 989 1597 pinnato—ramosa,
1027 1548 1159 1587 ramis
1199 1546 1528 1599 subreqularz'ter
1564 1558 1694 1600 oppo-

239 1616 347 1666 sitis,
379 1614 486 1656 binis
517 1618 591 1656 aut
613 1614 807 1666 pluribus
839 1615 1117 1666 verticillacz's,
1148 1626 1476 1668 quoquoversum
1505 1628 1625 1668 eyse—

826 1682 1043 1724 clientibus.

179 1788 235 1826 40.
269 1790 300 1826 L.
329 1797 460 1826 cerusa
494 1786 634 1833 [Huds.
669 1785 725 1826 Fl.
757 1786 866 1835 Anql.
894 1798 932 1835 p.
966 1786 1062 1835 586)
1096 1786 1230 1824 fronde
1258 1787 1367 1824 tereti
1387 1797 1695 1836 quoquoversum

284 1856 616 1905 pinnato-ramosa
647 1855 759 1892 ramis
789 1854 1018 1903 ramulisque
1050 1855 1131 1903 plus
1161 1854 1284 1892 minus
1316 1855 1539 1903 regulariter
1568 1866 1696 1904 oppo-

286 1925 365 1961 sitis
396 1924 684 1974 verticillatisve,
715 1923 868 1960 ramulis
898 1922 1386 1970 subelavato-cylindraceis
1417 1921 1696 1972 patentissimis,

285 1991 545 2029 terminalibus
590 1991 684 2028 infra
729 1991 876 2040 apicem
921 1989 1144 2040 subtrifidis‚
1194 1990 1391 2039 sporiseris
1435 1990 1696 2028 conformibus

286 2059 438 2107 apiceve
469 2059 693 2109 incrassatis,
724 2058 940 2097 keramidiis
970 2069 988 2094 a
1019 2056 1165 2095 ramulo
1196 2057 1471 2095 transformatis
1502 2055 1629 2094 ovatis.

269 2135 382 2169 Fucus
409 2136 556 2169 obtusus
582 2135 689 2169 Huds.
716 2135 736 2168 l.
764 2146 793 2168 c.
826 2134 927 2168 Turn.
953 2132 1039 2167 Hz'st.
1065 2132 1134 2166 tab.
1159 2134 1219 2167 ΞΗ
1246 2133 1343 2177 Enql.
1369 2132 1446 2167 Boc.
1471 2133 1539 2167 tab.
1567 2134 1666 2166 420⁴.

268 2195 458 2228 Laureucia
484 2195 609 2228 obtusa
635 2193 822 2233 Lamour.;
848 2192 935 2226 Dub.
962 2191 1038 2226 Boc.
1066 2190 1152 2225 Gall.
1174 2203 1210 2236 p.
1237 2194 1313 2226 951.
1341 2190 1443 2226 Grev.
1469 2192 1540 2236 Alq.
1562 2190 1697 2234 Bricffl.

181 2257 254 2288 ilfi.
280 2254 312 2287 J.
339 2255 396 2298 Ay.
423 2253 492 2298 Aly.
518 2253 606 2287 med.
628 2263 661 2296 p.
680 2253 755 2286 444.
782 2251 889 2285 Harv.
906 2250 1047 2295 Mamp.
1065 2252 1106 2284 70
1123 2252 1155 2284 ec
1172 2250 1308 2294 Phycol.
1326 2249 1412 2284 Brit.
1429 2249 1497 2284 cab.
1513 2247 1596 2283 CXL
1607 2247 1697 2282 VIII.

179 2312 287 2346 Mont.
315 2311 365 2345 Fe.
391 2310 461 2355 Aly.
485 2323 520 2355 p.
544 2314 598 2346 9⁰2.
624 2311 724 2346 Ιίιὶίῑ..
751 2321 802 2355 sp.
823 2321 861 2354 p.
887 2310 964 2344 854.

181 2461 233 2492 9a.
259 2459 294 2492 L.
320 2467 510 2491 lxrnicArA
537 2457 725 2500 (Lamour.
752 2457 829 2492 Ess.
857 2456 925 2491 tab.
953 2458 971 2490 3
996 2454 1021 2500 f.
1048 2458 1155 2499 8-9)
1190 2456 1312 2490 fronde
1339 2455 1698 2497 gelatinoso-cartila—

274 2520 372 2559 ginea
409 2517 630 2560 cylindracea
663 2517 858 2550 inordinate
886 2517 1038 2558 undique
1065 2525 1212 2559 ramosa,
1242 2516 1346 2548 ramis
1373 2514 1576 2547 incrassatis
1603 2510 1708 2546 varie*

273 2578 364 2610 inter
389 2585 426 2608 se
453 2577 623 2609 intricatis
649 2577 907 2618 concretisque.
932 2573 1042 2608 Mont.
1068 2574 1163 2607 Gaba
1183 2585 1217 2617 p.
1246 2574 1301 2607 41.

274 2635 359 2667 Hal).
385 2635 572 2677 parasitica
598 2635 631 2666 in
658 2634 734 2666 aliis
760 2633 861 2666 Facis
888 2633 930 2665 ad
955 2633 1051 2665 littus
1078 2632 1196 2665 Cubae.

275 2692 325 2725 Ad
356 2693 553 2734 exemplum
578 2691 740 2732 Agardiii‚
768 2691 913 2723 sormam
940 2690 1123 2724 Chondrire
1149 2691 1284 2724 obtusae
1310 2691 1345 2722 in
1369 2688 1434 2722 hac
1456 2689 1574 2730 specie
1589 2695 1699 2727 agno-

184 2759 283 2783 scere
309 2760 376 2784 uon
402 2751 587 2793 potuerim.
636 2749 765 2782 Praeter
790 2749 930 2781 modum
957 2748 1191 2789 vegetationis
1217 2751 1286 2781 tam
1312 2748 1487 2780 diversum
1505 2747 1699 2787 utriusque,

185 2812 301 2841 nostra
328 2809 552 2850 distinguitur
577 2809 736 2842 crassitie
763 2809 797 2840 et
821 2808 1071 2840 ramificatione
1099 2807 1242 2851 frondis,
1268 2807 1375 2839 forma
1397 2804 1699 2845 etirregularitate

185 2875 357 2900 ramorum
385 2869 419 2899 et
445 2868 594 2910 denique
627 2866 894 2899 fructificatione
925 2866 999 2907 ipsa
1026 2866 1061 2898 in
1088 2866 1246 2908 apicibus
1272 2864 1399 2897 inflatis
1428 2864 1505 2896 sita.
1555 2861 1600 2894 lta
1627 2860 1700 2892 sere

185 2923 293 2958 Nom.
322 2926 342 2959 l.
369 2936 397 2959 c.
