1728 3110
148 93 166 133 1
181 93 200 133 1
215 92 271 134 44
764 89 1047 133 RnonoMELEAE.
1438 95 1662 139 Amansia.

136 222 211 265 jori
236 223 362 256 forsan
389 233 520 256 revera
544 223 740 266 pinnatim,
765 224 807 255 ut
833 223 870 255 in
896 222 1038 254 caeteris
1066 221 1268 265 speciebUS,
1294 221 1556 266 disponuntur.
1590 219 1664 253 No-

142 285 261 315 strum
288 283 431 314 inferne
460 285 647 316 costatum
673 284 708 314 et
734 282 814 314 basi
842 284 1181 322 ovato-cuneatum,
1208 282 1335 324 stipite
1363 281 1582 314 brevissimo
1611 281 1665 312 te-

143 340 346 373 retiusculo
385 340 590 379 suffultum,
629 340 767 384 quibus
804 340 928 373 forsan
968 339 1149 382 conjicere
1186 339 1296 372 liceat
1327 339 1491 383 plantam
1519 349 1666 383 quoque

144 398 476 442 prolificationibus
503 399 582 431 fieri
609 408 794 432 ramosam
821 400 857 430 et
883 398 1026 430 inferne
1060 397 1351 441 caulescentem,
1392 401 1494 431 costa
1520 407 1667 430 sursum

144 467 366 490 evanescens
393 461 428 489 et
454 468 584 501 parum
613 458 821 500 conspicua.
870 456 1005 499 Apices
1032 456 1221 489 frondium
1236 456 1309 489 late
1326 456 1449 490 obtusi
1466 455 1667 496 rotundati,

144 528 189 549 ex
217 519 344 549 nostra
371 515 586 548 rectiusculi
614 515 805 558 adparent.
833 516 1017 558 Margiues
1044 518 1131 547 sunt
1157 502 1385 558 ubicumque
1412 515 1554 546 minute
1581 513 1668 547 den-

145 574 300 614 ticulati,
325 574 524 607 denticulis
550 575 626 606 sere
653 574 789 616 angulo
816 576 918 606 recto
946 573 1182 614 exeuntibus,
1197 574 1261 606 vix
1286 573 1497 605 vicesimam
1527 574 1670 616 partem

146 633 359 665 latitudiuis
385 633 528 666 frondis
554 643 621 665 sua
652 632 888 675 longitudine
915 631 1163 676 aequantibus.
1213 632 1314 665 Infra
1339 633 1462 675 apices
1490 633 1577 664 sunt
1607 632 1669 663 sti-

148 691 270 724 chidia
296 691 462 731 collecta,
488 692 647 723 invicem
677 693 799 722 tamen
827 692 882 722 sat
908 691 1108 734 conspicue
1134 690 1322 731 distantia,
1349 689 1496 733 singula
1524 691 1560 722 et
1587 689 1671 721 sim-

148 750 268 794 plicia,
292 752 328 783 in
364 750 486 782 media
522 750 663 782 lamina
700 750 899 793 utriusque
938 750 1081 792 paginae
1107 759 1212 793 aeque
1252 749 1499 788 obvenientia,
1524 758 1544 779 a
1571 748 1672 780 venis

150 808 474 848 transversalibus,
501 819 582 852 qna*
608 809 706 840 inter
734 817 844 841 zonas
872 817 1066 840 occurrere
1108 810 1275 851 possunt,
1315 806 1571 851 prolificantia,
1596 805 1673 839 lan-

150 867 486 910 ceolam-oblonga,
512 868 615 910 apice
640 867 721 909 ipso
748 867 806 901 (in
842 867 991 905 nostris,
1028 866 1105 898 fere
1143 866 1309 906 effoetis)
1350 865 1485 898 leviter
1520 866 1675 897 incurva

153 926 347 969 (juvenilia
373 926 498 958 forsan
526 926 642 968 magis
668 925 848 965 curvata),
875 924 1016 968 duplici
1042 925 1136 957 serie
1162 924 1428 967 longitudiuali
1444 923 1676 968 sphaerospo-

151 996 210 1018 ras
236 985 413 1018 foventia.
463 984 680 1017 Substantia
706 983 1007 1027 membranacea,
1034 983 1138 1017 color
1161 986 1457 1027 atropurpureus
1472 983 1510 1015 in
1523 982 1675 1016 badium

152 1045 321 1077 tendens.

247 1104 442 1136 Structura
467 1101 612 1134 frondis
639 1104 766 1134 exacte
805 1100 962 1133 aliarum
1001 1101 1210 1144 specierum
1247 1100 1404 1143 generis,
1431 1109 1497 1131 nec
1524 1098 1677 1131 Kutzin-

155 1162 234 1204 giai.
284 1159 448 1200 Cenulae,
475 1159 694 1203 siphonibus
720 1158 895 1201 analogae,
922 1160 1007 1190 sunt
1033 1158 1175 1202 duplici
1191 1158 1285 1190 serie
1300 1157 1499 1201 dispositae,
1527 1156 1670 1189 cellulis

155 1222 354 1264 utriusque
395 1220 513 1259 seriei,
540 1220 569 1251 si
603 1219 846 1252 transversali
885 1219 1048 1251 sectione
1086 1218 1353 1262 adspiciuntur,
1391 1217 1677 1250 alternantibus.

156 1280 322 1312 Stratum
362 1278 537 1311 corticale
580 1288 651 1310 non
694 1278 809 1310 adest.
866 1276 1044 1310 Stichidia
1082 1279 1293 1309 transverse
1332 1279 1431 1308 secta
1468 1277 1676 1308 monstrant

158 1340 314 1370 stratum
343 1336 516 1369 corticale
543 1339 649 1369 extra
676 1336 830 1369 cellulas
862 1337 1116 1379 praegnantes,
1155 1334 1299 1367 eellulae
1338 1334 1419 1367 duae
1446 1333 1592 1366 articuli
1620 1344 1678 1366 cu-

154 1396 289 1440 jusque.
315 1396 552 1439 praegnantis,
581 1394 860 1438 sphamosporas
886 1396 1118 1437 generantes,
1158 1396 1245 1426 sunt
1271 1392 1418 1426 cellulis
1450 1392 1673 1436 quibusdam

160 1455 390 1488 centralibus
418 1458 607 1497 separata.
657 1453 837 1487 Stichidia
864 1453 1124 1497 sub-peltatim
1151 1452 1274 1485 adfixa
1299 1451 1426 1484 videre
1454 1450 1609 1483 credidi.

253 1515 411 1557 Ssrcies,
437 1518 478 1546 ut
504 1514 696 1545 rarissima
722 1511 882 1552 videtur,
914 1513 966 1544 ita
992 1511 1283 1551 distinctissima,
1310 1512 1345 1542 et
1374 1519 1455 1542 cum
1483 1508 1588 1542 nulla
1612 1507 1681 1541 alia

161 1572 267 1605 facile
295 1571 567 1605 confundenda.
617 1570 776 1604 Nomine
803 1570 848 1603 A.
877 1569 1122 1602 mamilliferae
1147 1579 1168 1601 a
1191 1569 1434 1602 Lamouroux
1454 1568 1492 1600 in
1507 1568 1602 1600 Dict.
1628 1565 1679 1600 CI.

164 1635 416 1675 memoratur,
443 1633 478 1664 in
506 1631 577 1664 Hb.
602 1631 674 1673 Ag.
701 1631 784 1663 Am.
812 1629 1059 1662 mamillarem
1085 1629 1295 1672 inscripsit,
1323 1626 1594 1661 Australasiam
1621 1636 1680 1670 pa-

165 1692 273 1722 triam
303 1692 504 1733 nuncupat,
534 1689 633 1721 seda
660 1699 734 1733 quo
765 1688 848 1721 loco
875 1690 995 1721 ortam
1025 1697 1097 1720 non
1114 1686 1220 1719 dixit.
1247 1685 1280 1718 A
1306 1685 1453 1727 Harvey
1469 1694 1543 1717 non
1560 1684 1682 1717 obser-

165 1754 248 1781 vata
274 1748 434 1783 videtur,
461 1758 527 1780 nec
554 1748 599 1780 ab
625 1747 718 1787 aliis,
745 1747 809 1791 qui
836 1746 881 1779 de
909 1745 1016 1788 Algis
1048 1743 1250 1778 Australiae
1277 1743 1479 1776 recentiori
1518 1744 1682 1786 tempore

166 1808 407 1851 scripserunt.

165 1900 202 1938 4.
234 1899 282 1937 A.
314 1910 575 1936 PINNATIFIDA
604 1898 746 1947 (Ham).
778 1899 905 1945 mser.)
936 1895 1079 1935 fronde
1111 1895 1327 1934 ecorticata
1358 1896 1527 1946 anguste
1544 1890 1685 1931 lineari

277 1965 633 2011 subcanaliculata,
664 1965 823 2003 inferne
854 1968 975 2002 tenue
1000 1961 1381 2015 costata,pinnatim
1411 1958 1686 2011 decomposita

278 2033 484 2072 flabellata
512 2032 696 2084 margine
726 2031 1001 2083 integerrima,
1039 2030 1174 2083 pinnis
1205 2028 1482 2068 conformibus
1514 2027 1598 2066 basi
1629 2028 1683 2064 at-

280 2099 456 2138 tenuatis
487 2099 603 2151 apice
634 2098 788 2138 obtusis
819 2098 1018 2149 incurvis3
1048 2097 1244 2136 fructibus
1277 2127 1284 2134 .
1319 2125 1328 2134 .
1362 2127 1368 2134 .
1403 2124 1412 2133 .

262 2179 465 2213 Amansia‘?
491 2177 710 2222 pinnatifida
734 2175 855 2210 Harv.
880 2176 920 2210 in
944 2175 1039 2210 List.
1065 2173 1106 2218 of
1127 2174 1241 2218 Dupl.
1269 2173 1400 2208 Austr.
1419 2172 1684 2217 Azy.n.-01191!

171 2237 284 2282 Phyc.
312 2240 431 2271 austr.
459 2235 531 2270 tab.
560 2234 763 2270 CCXXII!

282 2309 385 2349 Hab.
416 2309 465 2348 ad
497 2321 587 2348 oras
625 2308 754 2347 Novae
798 2306 1030 2346 Hollandiae
1073 2303 1519 2349 austro-occidentales,
1564 2301 1686 2352 (King

174 2377 371 2429 George's
404 2376 557 2423 Sound,
588 2375 804 2427 Harveyl).

267 2458 386 2491 Frons
412 2456 502 2489 3-4
527 2456 726 2500 pollicaris,
758 2454 894 2486 lineam
921 2454 984 2485 vix
1011 2452 1211 2486 latitudine
1236 2460 1396 2495 aequans,
1421 2449 1602 2493 pinnatim
1629 2446 1687 2479 de-

176 2519 392 2561 composita,
429 2516 825 2557 flabellato-fastigiata
862 2514 1005 2546 inferne
1046 2514 1083 2545 in
1110 2512 1232 2545 media
1263 2514 1367 2555 parte
1393 2510 1605 2547 incrassata,
1631 2515 1686 2538 co-

177 2579 272 2608 sta-ta
297 2576 427 2617 (imam
454 2577 597 2619 partem
624 2584 696 2606 non
725 2573 827 2613 vidi),
856 2582 1013 2615 superne
1041 2569 1370 2604 sub-canaliculata
1395 2567 1563 2611 apicibus
1586 2567 1685 2598 invo-

176 2635 277 2667 lutis.
328 2634 452 2667 Pinnae
479 2644 499 2666 a
525 2634 691 2675 margine
716 2631 854 2674 angulo
880 2632 956 2663 fere
981 2629 1043 2663 45⁰
1071 2632 1257 2668 exeuntes,
1284 2627 1471 2661 distantiis
1497 2621 1686 2658 nonnulla-

178 2703 260 2725 rum
295 2691 479 2724 lincarum
513 2691 737 2724 subalternae
776 2692 840 2722 aut
877 2689 1121 2731 irregularins
1159 2696 1304 2730 sparsae,
1331 2686 1411 2718 basi
1437 2683 1572 2716 eximie
1598 2682 1686 2713 atte-

179 2752 307 2790 nuatae,
334 2749 417 2782 dein
442 2752 600 2792 anguste
627 2749 786 2782 lineares
822 2748 1083 2790 integerrimae,
1122 2745 1308 2789 simplices
1344 2746 1407 2776 aut
1437 2743 1570 2774 iterum
1597 2746 1687 2771 nova

182 2809 275 2840 serie
303 2808 441 2847 obsitae,
469 2808 515 2841 ob
542 2809 664 2850 apices
689 2807 878 2840 involutos
906 2806 1011 2849 quasi
1038 2807 1226 2838 truncatae.
1266 2803 1423 2837 Fructus
1448 2799 1574 2833 nullos
1602 2796 1685 2829 vidi.

182 2866 395 2899 Substantia
421 2867 710 2906 membranacea,
726 2865 860 2898 chartae
875 2874 948 2898 non
974 2863 1150 2897 adhaeret.
1176 2861 1289 2896 Color
1313 2862 1683 2902 vinoso-purpureus.
