1728 3110
93 123 340 168 Lanrencia.
739 121 968 163 Cnoxnmrxss.
1511 120 1536 159 7
1545 118 1570 159 5
1579 119 1605 158 7

184 254 354 287 Chondria
382 254 578 297 tliyrsoidea
603 251 710 286 Marc.
738 252 788 286 Fl.
815 253 916 288 Bras.
945 255 973 288 I.
994 267 1032 299 p.
1059 257 1111 289 30.
1138 254 1247 288 Mont.
1273 252 1354 287 Cub.
1375 260 1410 294 p.
1438 249 1491 283 4⁶2.

186 312 360 353 Gigartina
384 312 520 354 julacea
546 310 650 354 Bory.
677 310 797 344 More'e
825 322 858 345 η.
888 313 973 346 ⁴462
1000 313 1069 347 lab.
1095 312 1263 347 XXXVII.
1287 310 1342 356 fiq.
1370 310 1413 344 4?

185 371 462 414 Sphaerococcus
489 370 728 403 tuberculatus
753 367 858 412 Bory.
887 373 1014 405 mscn!

204 453 291 493 Hal).
323 453 359 491 in
392 464 536 491 oceano
567 453 742 490 atlantico
775 452 945 490 calidiori
977 452 1021 490 ad
1055 454 1175 491 littora
1195 453 1340 491 Africael
1361 456 1396 489 et
1413 449 1609 490 Americael

92 522 130 559 in
169 520 254 558 sinu
291 520 501 558 Mexicano!
541 523 577 556 et
613 520 705 556 mari
745 520 1044 558 mediterraneo!
1083 524 1120 557 et
1149 520 1367 569 adriatico!;
1400 519 1435 556 in
1467 528 1609 555 oceano

93 588 222 626 Indico
260 587 305 625 ad
345 588 505 625 Insulam
544 587 726 626 Franciae!
759 590 796 624 et
827 588 917 624 mari
952 588 1105 635 rubrol3
1138 587 1174 623 in
1206 598 1350 624 oceano
1381 585 1535 634 pacifico
1565 584 1610 621 ad

93 655 231 693 insulas
262 655 498 704 Sandwichl3
530 654 565 692 in
597 655 746 692 australi
779 655 823 692 ad
855 657 893 693 N.
925 654 1157 692 Zelandiam!
1189 656 1225 690 et
1255 656 1324 690 lns.
1356 653 1472 690 Toud.

185 743 337 776 Frondes
376 745 409 776 in
447 744 610 784 caespites
651 743 825 785 collectae,
872 744 1076 785 plerumque
1111 742 1408 784 G2——4-pollicares
1454 740 1610 773 caulibus

94 803 289 836 crassitiem
315 811 439 844 pennae
466 801 674 834 columbinae
702 802 842 834 circiter
869 801 1102 843 aequantibus,
1127 810 1218 833 nunc
1245 801 1352 832 multo
1378 798 1526 840 majores
1542 798 1611 830 sere

94 860 237 901 pedales
274 860 431 893 caulibus
464 869 577 901 penna
611 861 797 900 scriptoria
832 868 955 900 parum
989 858 1217 901 tenuioribus,
1249 857 1382 890 inferne
1409 857 1611 899 plerumque

95 919 390 961 simpliciusculae‚
426 927 443 949 θ
467 918 593 964 ‘medio
629 919 769 950 circiter
801 918 1027 959 paniculatim
1061 925 1218 959 ramosae,
1246 916 1351 948 ramis
1377 914 1611 955 sparsioribus

95 980 155 1010 aut
180 977 397 1010 densissimis
423 977 529 1019 vagis,
556 986 647 1009 nunc
675 976 729 1008 liic
756 976 825 1008 illic
852 977 1024 1018 oppositis
1051 978 1109 1008 ant
1130 974 1356 1016 verticillatis,
1373 972 1611 1013 superioribus

97 1038 226 1069 sensim
253 1035 483 1068 brevioribus.
532 1035 625 1067 Rami
654 1044 731 1067 cum
760 1034 880 1067 fronde
908 1033 1116 1076 conformes,
1144 1032 1323 1074 simplices
1345 1033 1404 1063 aut
1418 1039 1504 1062 nova
1523 1031 1612 1062 serie

95 1103 269 1127 ramorum
307 1094 421 1136 obsiti,
460 1095 494 1125 et
530 1096 700 1135 praeterea
728 1093 865 1135 papillis
893 1093 1111 1125 densissimis
1138 1090 1337 1133 patentibus
1366 1091 1423 1120 aut
1448 1088 1613 1121 subliori-

95 1151 301 1194 zontalibus,
334 1160 615 1194 quoquoversum
648 1151 907 1191 egredientibus
942 1151 1115 1183 instructi.
1164 1149 1303 1191 Papillae
1330 1148 1467 1180 steriles
1494 1155 1512 1178 a
1538 1146 1613 1178 basi

93 1219 216 1253 parum
243 1212 399 1243 tenuiore
426 1210 639 1243 subclavatae
668 1210 813 1253 obtusae,
840 1210 1017 1251 simplices
1045 1210 1103 1241 aut
1128 1208 1183 1240 liic
1211 1207 1280 1239 illic
1307 1208 1393 1247 ipsae
1413 1206 1612 1247 papillosae3

95 1268 227 1302 fertiles
253 1269 352 1310 apice
379 1269 531 1301 dilatatae
557 1268 791 1300 verruculosae
819 1269 853 1299 et
877 1267 1014 1299 demum
1030 1267 1231 1308 populosae,
1254 1265 1509 1306 sphaerosporae
1526 1262 1612 1295 infra

95 1326 315 1368 superficiem
357 1327 615 1358 verrucularum
655 1326 884 1357 circumcirca
923 1325 1130 1366 nidulantes,
1157 1324 1231 1356 sine
1258 1322 1377 1354 ordine
1404 1330 1611 1354 numerosae.

94 1384 290 1417 Keramidia
317 1385 351 1417 in
377 1384 514 1426 papillis
530 1387 589 1416 aut
602 1384 743 1416 ramulis
758 1383 985 1415 circumcirca
1003 1382 1185 1423 disposita,
1201 1381 1397 1422 aggregata,
1413 1379 1608 1420 sphaerico-

96 1445 207 1484 ovata,
243 1452 301 1475 ore
338 1451 457 1484 parum
484 1442 654 1483 producto
681 1444 835 1482 pertusa.
884 1440 1085 1473 Substantia
1113 1439 1297 1472 admodum
1323 1438 1418 1470 firma
1447 1439 1480 1469 et
1506 1439 1612 1470 carti-

96 1502 241 1544 laginea,
267 1501 338 1534 fere
365 1502 535 1533 coriacea.
562 1499 663 1532 Color
689 1497 1084 1540 olivaceo-fuscescens,
1112 1505 1203 1529 nuuc
1217 1495 1613 1538 purpureo-virescens,

96 1560 314 1600 expositione
342 1558 442 1590 facile
468 1560 673 1590 flavescens,

187 1617 386 1659 Specimina
413 1615 605 1648 madefacta
633 1624 650 1647 e
677 1615 924 1649 diversissimis
959 1615 1045 1647 locis
1072 1613 1244 1646 natalibus
1271 1621 1376 1655 supra
1403 1612 1613 1644 enumeratis

95 1677 304 1719 comparavi,
333 1678 367 1707 et
392 1674 521 1707 formas
547 1675 686 1717 quidem
711 1673 778 1706 vidi
809 1674 938 1716 plures,
964 1672 1082 1705 babitu
1109 1674 1164 1704 sat
1189 1671 1387 1713 dissimiles,
1411 1672 1444 1703 at
1459 1670 1614 1712 ejusdem

95 1735 226 1777 speciei
266 1737 302 1768 ut
338 1734 547 1767 crediderim
583 1736 694 1766 status
733 1733 890 1765 diversos
925 1733 1042 1773 potius
1081 1739 1183 1773 quam
1221 1729 1349 1762 formas
1383 1729 1463 1762 huic
1487 1728 1541 1760 vel
1567 1728 1614 1760 illi

96 1793 173 1825 loco
199 1793 302 1825 natali
329 1793 445 1834 privas
472 1793 738 1825 constituentes.
788 1790 1003 1822 Ramificatio
1030 1790 1146 1831 typice
1172 1787 1313 1829 quidem
1339 1787 1554 1830 verticillata,
1580 1789 1615 1819 at

95 1852 142 1883 ita
179 1852 373 1893 saepissime
413 1851 625 1892 irregularis,
664 1850 871 1892 pupillisque
911 1849 1063 1890 undique
1098 1845 1347 1889 pullulantibus
1380 1848 1425 1879 ita
1453 1846 1613 1889 obscura,

95 1912 133 1942 ut
169 1911 365 1951 saepissime
403 1909 541 1951 quidem
582 1910 666 1941 rami
699 1910 775 1941 sine
801 1908 923 1940 ordine
950 1907 1109 1949 dispositi
1138 1907 1172 1937 et
1198 1905 1395 1937 densissimi
1422 1905 1613 1937 videantur.

96 1968 131 2000 Si
164 1967 264 2000 adest
296 1968 360 2000 boc
394 1970 556 2010 respectu
591 1967 750 2010 quaedam
784 1966 989 2007 differentia,
1027 1966 1110 1997 rami
1137 1966 1267 2006 saepius
1294 1966 1326 1996 in
1356 1963 1464 1995 forma
1492 1964 1614 1995 minori

97 2025 149 2065 (F.
179 2025 373 2067 thyrsoides
400 2037 432 2058 α.
460 2025 578 2066 Turn.)
619 2026 813 2058 verticillau
848 2024 929 2056 mibi
957 2023 1204 2066 adparuerunt,
1231 2023 1360 2064 saepius
1388 2022 1463 2053 sine
1491 2022 1611 2054 ordine

95 2083 315 2125 perceptibili
350 2085 383 2116 in
415 2083 523 2116 forma
557 2083 677 2125 majori
711 2083 763 2122 (F.
797 2082 974 2124 thyrsoide
999 2084 1031 2122 β.
1057 2080 1170 2123 Turn.,
1198 2080 1232 2112 F.
1258 2080 1448 2121 papillosus
1474 2079 1611 2120 Forsk.)

96 2143 354 2185 provenientes.
409 2141 445 2174 ln
475 2140 510 2172 F.
543 2140 719 2182 tliyrsoide
747 2151 780 2172 α.
807 2140 969 2180 capsulas
995 2140 1104 2179 magis
1132 2138 1297 2171 rotundas
1323 2138 1461 2180 papillis
1488 2136 1614 2169 Iobatis

97 2201 196 2242 quasi
230 2202 431 2242 immersas,
469 2201 503 2231 in
538 2198 571 2230 F.
604 2199 773 2240 papilloso
807 2198 969 2240 capsulas
996 2198 1105 2237 magis
1132 2198 1262 2237 ovatus,
1291 2196 1324 2228 in
1350 2195 1488 2237 papillis
1515 2195 1613 2236 quasi

98 2262 260 2292 externas
286 2261 320 2290 at
345 2260 550 2298 aggregatas
577 2257 743 2289 dicerem.
794 2256 855 2289 Vix
881 2258 995 2288 autem
1021 2254 1074 2287 his
1102 2253 1307 2287 differentiis
1333 2254 1472 2294 species
1488 2252 1614 2284 distin-

98 2325 203 2357 guere
236 2317 412 2350 auderem.
462 2315 624 2348 Ramulos
650 2314 900 2358 subdisticbos,
928 2322 1015 2356 quos
1041 2313 1120 2345 huic
1146 2312 1277 2354 speciei
1305 2310 1501 2343 tribuerunt
1525 2318 1613 2342 non-

98 2376 192 2418 nulli,
218 2384 407 2417 numquam
433 2374 513 2406 vidi.

190 2433 363 2466 Turnerus
390 2433 475 2466 duas
502 2431 629 2465 formas
657 2433 829 2474 distinxit,
855 2440 927 2464 sec.
950 2431 1143 2472 specimina
1160 2439 1178 2462 e
1195 2429 1346 2470 reliquiis
1362 2425 1613 2459 Forskaalianis

99 2492 255 2534 oriunda,
283 2501 300 2524 a
325 2492 511 2525 Mertensio
539 2492 806 2532 communicata,
832 2490 950 2532 planta
975 2489 1162 2521 Forskaalii
1190 2487 1233 2520 ad
1258 2486 1402 2518 sormam
1422 2486 1453 2525 β.
1470 2483 1612 2515 Turneri

97 2552 260 2593 pertinet.
309 2550 343 2582 F.
370 2549 610 2592 cyancspermi
637 2548 710 2581 Del.
737 2549 931 2590 specimina
959 2547 1154 2587 originaria,
1189 2554 1266 2587 qnae
1291 2543 1371 2585 vidi,
1399 2542 1441 2574 ad
1468 2541 1613 2573 eandem

99 2609 244 2641 sormam
270 2607 450 2640 reserenda
478 2608 568 2639 sunt.
616 2605 714 2639 Laur.
737 2614 998 2648 cyanospermae
1013 2604 1169 2636 Lamour.
1189 2612 1240 2643 sp.
1256 2601 1452 2634 anthentica
1468 2598 1613 2631 formam

100 2668 268 2698 minorem
305 2666 477 2707 spectant.
539 2664 709 2697 Chondria
748 2665 943 2707 thyrsoidea
985 2663 1097 2695 Martii
1135 2663 1169 2693 et
1205 2659 1400 2698 Montagnei
1439 2658 1612 2701 speciem,

99 2725 240 2757 anneri
267 2724 309 2756 ad
336 2725 499 2765 mentem,
528 2722 642 2754 refert.
668 2721 702 2756 ln
736 2721 814 2765 Voy.
840 2731 887 2755 aa
914 2721 984 2754 Pol.
1008 2719 1102 2761 Sud„
1130 2718 1219 2751 nulla
1249 2717 1386 2748 omnino
1413 2715 1502 2748 facta
1524 2716 1613 2747 inter

101 2783 287 2815 varietates
313 2782 547 2824 distinctione,
573 2780 800 2821 Montagneus
827 2780 886 2812 Cb.
913 2778 1146 2821 thyrsoideam
1170 2776 1204 2807 L.
1221 2774 1401 2817 papillosae
1423 2772 1612 2815 subjunxit.

99 2840 170 2872 Nec
207 2841 323 2881 itaque
361 2839 583 2871 characteres
621 2839 725 2880 allati,
764 2846 828 2870 nec
867 2844 1053 2878 synonyma
1081 2835 1280 2875 specierum
1307 2831 1566 2864 distinctionem
1593 2841 1611 2864 a

100 2896 279 2937 K'utzingio
306 2897 522 2938 propositam
547 2895 695 2937 probare
722 2895 802 2928 milii
831 2895 1000 2927 videntur.
