1728 3110
154 92 272 132 1000
740 130 746 136 ,
770 92 1052 136 RHODOMELEAE.
1354 100 1663 158 Polysvjohonia.

236 222 353 254 Frons
391 221 581 265 pollicaris
620 224 656 255 et
695 225 875 257 tenuitate
913 225 1090 270 capillari,
1121 229 1186 260 aut
1217 237 1336 272 usque
1368 229 1597 274 3-pollicaris
1628 233 1664 264 et

142 283 258 314 setam
297 291 430 322 crassa,
468 282 713 325 irregularius
752 285 933 327 pinnatim
972 286 1407 329 decomposito-ramosa.
1461 290 1568 323 Rami
1601 302 1662 335 pa-

143 341 272 379 tentes,
313 339 391 371 basi
429 340 641 373 nudiusculi
668 344 705 374 at
737 343 924 383 ramulosi,
962 354 982 376 a
1014 345 1138 377 medio
1175 346 1247 389 ipsi
1272 348 1422 380 ramosi.
1471 349 1619 382 Ramuli
1644 360 1664 383 a

141 397 221 429 basi
258 398 439 430 crassiore
477 401 669 440 attenuati,
700 400 887 443 juveniles
926 404 1027 446 apice
1061 403 1164 436 fibris
1199 406 1374 438 instructi
1409 406 1601 440 molliores
1627 411 1664 441 at

141 455 316 496 subulati‚
355 457 562 491 adultiores
602 470 688 493 mox
727 461 1032 504 spinuleesormes,
1070 464 1191 506 rigidi,
1232 466 1368 498 eximie
1407 469 1574 510 patentes
1600 471 1665 501 aut

140 515 217 547 fere
254 513 514 556 horizontales,
552 518 739 560 simplices
778 522 843 552 aut
880 521 950 563 ipsi
989 522 1025 553 in
1065 532 1187 555 ramos
1224 524 1405 557 abeuntes
1442 535 1537 558 nova
1570 527 1663 559 serie

142 573 336 615 spinulosi.
398 574 557 608 Articuli
592 577 671 609 fere
710 577 935 622 ubicumque
972 581 1174 623 conspicui,
1211 585 1248 614 at
1287 583 1481 616 inferiores
1514 585 1663 617 tenuius

140 633 321 673 corticati,
358 634 395 666 in
433 634 560 678 planta
599 637 734 669 minori
766 636 844 669 sere
879 647 1007 670 omnes
1041 639 1223 673 diametro
1258 641 1441 686 aequales,
1468 643 1505 675 in
1534 642 1663 684 majori

139 694 224 724 sunt
254 693 291 724 in
324 692 396 725 filis
433 694 620 736 primariis
659 695 842 728 diametro
881 696 1069 740 subduplo
1095 697 1295 741 longiores,
1321 700 1358 732 in
1386 701 1497 733 ramis
1526 701 1663 734 diame-

141 753 197 783 tro
234 750 406 794 aequales,
444 752 481 784 in
517 753 675 795 spinulis
707 753 783 786 sere
810 754 1023 799 breviores·7
1051 757 1086 788 in
1114 756 1241 799 planta
1268 758 1446 801 prolisera
1471 769 1661 793 ramorum

140 809 398 852 elongatorum
433 811 582 843 articuli
615 814 701 844 sunt
744 813 927 847 diametro
961 815 1225 859 sesqui-duplo
1255 816 1466 861 longiores,
1501 820 1663 852 sectione

138 868 379 901 transversali
417 869 494 901 vidi
532 869 707 912 siphones
733 871 754 903 4
783 873 1056 914 pericentrales,
1089 884 1171 906 cum
1208 874 1344 918 quibus
1379 875 1565 909 alterna-nt
1591 877 1662 910 cel-

137 925 223 958 lula),
256 926 412 959 totidem
445 928 651 968 corticales,
684 930 793 962 nuda}
826 933 890 962 aut
917 932 1076 964 tenuiori
1103 935 1220 965 strato
1247 934 1443 966 eorticatae.
1493 934 1662 977 Spha‘ro-

138 993 256 1026 sporae
282 985 319 1017 in
346 985 502 1018 ramulis
529 986 608 1018 basi
635 987 768 1020 leviter
788 991 999 1027 attenuatis,
1021 992 1421 1025 verrucoso-flexuosis
1436 993 1662 1027 nidulantes.

136 1042 351 1075 Keramidia
377 1044 453 1075 sere
483 1044 635 1085 sessilia,
662 1047 959 1089 ovato-globosa.
1018 1048 1150 1081 Planta
1175 1050 1421 1092 rigidiuscula
1446 1052 1560 1092 firma,
1589 1063 1662 1084 ma-

137 1101 281 1134 defacta
307 1112 380 1134 non
407 1102 513 1135 facile
541 1103 734 1136 dissoluta.

229 1172 373 1205 Minora
412 1174 622 1216 specimina,
666 1184 749 1206 cum
788 1174 915 1217 planta
956 1175 1193 1210 Grevilleana
1223 1179 1360 1211 eximie
1394 1181 1663 1221 convenientia,

136 1240 239 1273 aeque
265 1230 469 1271 fructifera,
495 1243 578 1264 cum
606 1232 810 1275 majoribus
837 1236 1058 1277 comparavi,
1085 1238 1120 1268 et
1147 1236 1239 1269 nihil
1259 1237 1334 1270 vidi
1356 1238 1545 1271 diversum
1563 1240 1662 1283 quod

136 1298 210 1320 non
249 1288 295 1321 ab
334 1291 439 1321 aetate
477 1290 646 1333 pendeat.
703 1291 842 1333 Majora
876 1296 963 1325 sunt
990 1293 1139 1336 longius
1167 1304 1317 1327 sursum
1346 1298 1380 1327 et
1407 1296 1555 1329 densius
1583 1308 1663 1331 cor-

136 1347 257 1386 ticata,
298 1346 358 1379 fila
396 1349 578 1381 crassiora
615 1352 651 1380 et
692 1350 840 1383 articuli
878 1354 965 1384 sunt
1002 1352 1203 1395 longiores.
1270 1354 1309 1386 P.
1346 1354 1662 1388 Carmichaeliana

134 1404 255 1438 Harv.
293 1407 406 1438 ramis
444 1408 562 1449 magis
607 1409 821 1441 divaricatis
860 1409 905 1442 ab
943 1409 1121 1443 adriatica
1159 1411 1286 1455 planta
1323 1412 1461 1445 distare
1499 1413 1660 1447 videtur.

135 1464 205 1498 Sed
245 1466 282 1497 iu
320 1466 447 1506 forma,
485 1477 594 1509 quam
630 1467 847 1511 prolifcram
881 1468 1129 1509 denominavi,
1156 1471 1248 1502 rami
1276 1480 1350 1503 nou
1378 1472 1498 1504 minus
1526 1471 1661 1505 divari-

137 1525 207 1557 cati
235 1524 421 1557 videntur.

227 1594 264 1626 P.
304 1594 496 1638 spinulosa
534 1598 589 1627 est
627 1597 731 1639 quasi
766 1596 893 1639 planta
926 1597 1151 1629 diminutiva
1176 1598 1214 1630 P.
1241 1599 1410 1642 spinosae,
1436 1610 1568 1643 nempe
1595 1601 1661 1633 mi-

138 1663 213 1691 nor,
252 1653 373 1685 minus
414 1655 600 1693 corticata,
639 1655 854 1699 spinuliquc
888 1656 1152 1700 simpliciores,
1186 1657 1346 1697 articuII,
1372 1659 1436 1701 qui
1462 1659 1498 1691 in
1524 1660 1561 1691 P.
1588 1660 1660 1703 spi·-

136 1722 226 1744 nosa
252 1712 412 1745 obsoleti
438 1716 474 1744 et
501 1713 561 1745 vix
590 1715 660 1746 nisi
686 1714 916 1747 ramulorum
946 1715 1190 1758 dispositione
1217 1719 1302 1748 ante
1329 1716 1503 1759 genicula
1530 1717 1660 1750 distin-

135 1770 284 1811 guendi,
322 1773 409 1803 sunt
446 1772 522 1804 sere
562 1772 700 1815 ubique
734 1773 924 1815 conspicui
959 1774 994 1805 in
1022 1773 1060 1805 P.
1090 1773 1282 1815 spinulosa
1307 1776 1343 1806 et
1368 1774 1569 1817 longiores.
1622 1776 1660 1808 P.

136 1828 327 1870 spinulosa
354 1830 519 1862 strictior
544 1834 580 1862 ct
606 1832 681 1863 fere
708 1831 865 1873 rigidior
891 1832 1059 1875 adparet.

225 1899 263 1931 P.
301 1900 493 1942 spinulosa
529 1899 642 1933 Ku‘te.
679 1898 825 1942 Species
855 1909 896 1942 p.
935 1901 1001 1934 831
1043 1912 1086 1935 eo
1118 1903 1229 1936 modo
1263 1902 1386 1943 dubia,
1412 1906 1453 1948 ut
1479 1904 1658 1937 articulos

134 1956 223 1989 5—ss
250 1957 450 2000 siphoneos
475 1958 723 2002 descripserit,
754 1960 797 1992 ad
827 1960 900 1992 tab.
932 1959 1110 1993 Grevillei
1141 1964 1177 1993 et
1203 1962 1349 2005 Species
1376 1962 1462 2005 Alg.
1489 1962 1657 2005 Agardhi

136 2019 256 2048 tamen
285 2016 462 2049 referens.

134 2142 197 2181 74.
233 2144 277 2182 P.
310 2156 475 2183 SPINOSA
513 2143 604 2192 (Ay.
647 2143 746 2192 Syst.
783 2142 872 2192 Aly.
901 2156 942 2192 p.
973 2144 1071 2193 200)
1103 2145 1492 2198 globoso-expansa,
1524 2148 1657 2188 subin-

242 2210 397 2256 iricata,
429 2210 690 2261 irregularius
721 2210 921 2262 pinnatim
953 2224 1111 2250 ramosa
1128 2212 1375 2263 ramulisque
1400 2213 1655 2266 interspersis

244 2277 387 2323 obsita,
426 2289 581 2315 sursum
622 2277 745 2328 longe
785 2278 991 2325 corticata,
1030 2278 1214 2330 apicibus
1252 2280 1499 2331 ramulisque
1538 2294 1654 2333 supe-

243 2344 417 2383 rioribus
448 2343 703 2383 mollioribus
734 2344 994 2396 penicillatis‚
1020 2345 1280 2385 inferioribus
1306 2347 1654 2398 spinuliformibus

244 2412 496 2464 simplicibus
533 2416 601 2450 aut
641 2411 727 2451 basi
758 2424 878 2464 parce
908 2412 1153 2464 spinellosis‚
1184 2413 1364 2452 articulis
1395 2414 1652 2467 4-siphoniis,

242 2479 504 2519 inferioribus
550 2479 755 2519 corticatis
805 2479 1002 2519 diametro
1048 2480 1325 2527 brevioribus,
1378 2482 1653 2533 superioribus

242 2548 572 2597 ramulorumque
616 2546 734 2585 nudis
774 2546 972 2585 diametro
1012 2546 1250 2597 aequalibus,
1290 2547 1582 2600 sphaerosporis
1611 2549 1651 2588 in

244 2614 411 2652 ramulis
443 2612 873 2661 verrucoso-distortis,
904 2613 1154 2652 kei-amidiis.
1186 2642 1195 2652 .
1227 2643 1236 2652 .
1270 2642 1279 2652 .

137 2719 176 2743 α.
207 2718 375 2743 LUBRICA
405 2704 565 2743 inferne
596 2702 873 2749 crassiuscula‚
905 2703 1020 2754 apice
1051 2702 1288 2741 tenuissima
1317 2702 1565 2755 penicillata,
1589 2717 1650 2742 ra-

244 2772 363 2810 mulis
393 2771 662 2816 mollioribus,
692 2769 843 2808 infimis
872 2769 1160 2821 rigidiusculis.

226 2860 446 2894 Hutchinsia
471 2860 616 2893 lubrica
641 2858 710 2903 Ay.
735 2858 800 2902 Sp.
826 2858 909 2903 Ala.
934 2858 990 2892 ΙΙ.
1010 2867 1051 2902 p.
1078 2859 1153 2893 94u
