1728 3110
108 123 125 164 1
142 123 194 164 16
204 122 227 163 8
718 119 998 160 RHODOMELEAE.
1371 118 1608 172 Polyzom'a.

98 253 312 286 inferiorem
339 253 508 296 sequitur
543 252 757 294 marginem,
794 252 887 283 serie
924 249 1145 283 cellularum
1182 251 1328 282 tantum
1370 248 1478 280 unica
1514 246 1610 278 infra

108 312 199 344 hanc
226 313 432 356 conspicua,
457 311 536 344 ali-<r
564 320 692 343 versus
717 310 866 344 lacinias
893 309 1049 351 maiores
1085 310 1282 352 porrectio,
1321 307 1449 340 dentes
1476 305 1609 348 margi-

99 372 154 403 nis
180 372 288 403 acuti.
339 372 455 414 Supra
480 370 569 404 folia
594 381 614 403 a
639 369 810 413 geniculo
848 370 1018 413 proxime
1055 369 1276 411 insequente
1302 368 1338 398 et
1363 365 1406 398 ad
1435 364 1532 397 idem
1557 364 1609 397 la-

98 432 157 462 tus
184 431 290 473 quasi
323 429 630 473 supra-axillares
667 429 891 472 proveniunt
928 428 1041 469 rami·7
1081 426 1225 458 steriles
1255 430 1289 458 et
1314 424 1470 467 majores
1496 423 1610 457 cauli-

96 488 167 521 bus
194 488 343 528 similes‚
370 487 607 527 teretiusculi⁷
634 486 894 531 polysiphonii‚
922 485 1141 529 siphonibus
1156 486 1253 517 circa
1272 483 1473 515 centralem
1499 481 1609 526 paulo

97 548 279 579 minorem
305 546 326 579 6
352 547 570 585 eeorticatis‚
603 556 676 579 non
709 546 859 578 omnino
892 544 1020 577 eodem
1050 543 1159 586 plano
1186 542 1449 585 superpositis·7
1470 540 1610 573 fertiles

97 605 258 637 minores
286 607 460 637 caeterum
488 604 707 644 conformes,
733 605 895 638 minores
922 601 1189 644 subsimplices,
1217 600 1374 642 majores
1394 609 1461 633 suo
1481 598 1611 632 ordine

98 664 249 706 pinnati.
282 662 462 696 Stichidia
488 664 604 706 igitur
629 664 666 696 in
693 663 884 706 superiore
911 664 1013 705 parte
1041 670 1229 693 ramorum
1257 659 1447 702 simplicia,
1462 658 1611 690 lineari-

98 722 297 762 lancoidea‚
321 724 427 755 unica
453 724 547 755 serie
575 722 917 766 sphaerosporarum
950 722 1143 759 instructa,
1176 720 1221 752 ad
1255 718 1468 762 geniculum
1494 716 1611 761 quod-

96 792 167 825 que
197 781 399 814 secundum
426 781 710 825 appendiculata
735 780 834 814 foliis
859 779 1080 821 inevolutis3
1106 779 1142 810 in
1175 778 1350 810 inferiore
1383 779 1486 819 parte
1513 785 1610 808 com-

98 841 226 883 posita,
260 850 401 884 nempe,
428 843 561 883 praeter
586 840 674 873 solia
698 839 900 877 inevoluta,
925 848 1022 871 nova
1047 838 1139 869 serie
1166 835 1394 869 ramulorum
1422 826 1612 873 instructa,

97 899 161 942 qui
188 902 252 931 aut
278 909 351 931 una
378 909 461 932 cum
488 898 645 938 rachide,
671 900 735 930 aut
762 900 845 940 post
882 896 1046 940 elapsum
1081 894 1423 938 sphaerosporarum
1451 891 1610 925 rachidis

96 956 237 990 fertiles
264 958 369 990 fiunt.
417 958 465 990 Ut
492 956 663 989 rachides
691 958 920 994 excrescunt,
947 953 1117 986 stichidia
1142 952 1310 986 lateralia
1337 951 1519 994 simplicia
1543 952 1612 983 ite-

95 1026 179 1048 rum
206 1019 396 1059 apparent.
446 1015 661 1048 Keramidia
687 1021 726 1050 (a
752 1025 809 1047 me
834 1025 906 1047 non
932 1014 1020 1053 visa,
1059 1014 1145 1045 sunt
1183 1022 1251 1044 see.
1294 1011 1402 1044 llarv.
1435 1010 1540 1051 Ner.)
1566 1009 1610 1042 ad

95 1074 223 1106 lobum
251 1074 414 1106 basalem
446 1074 526 1107 solii
560 1074 743 1117 profunde
782 1074 856 1106 fissi
895 1072 1038 1105 sessilia
1074 1070 1402 1104 ovato-urecolata.
1433 1088 1472 1092 —
1500 1068 1613 1102 Color

96 1144 246 1177 roseus·7
277 1134 486 1166 substantia
512 1134 801 1173 membranacea,
827 1133 961 1165 chartae
988 1131 1165 1164 adhaeret.

187 1192 452 1232 Pulcherrima,
492 1192 692 1225 Adiantuin
739 1191 927 1236 quoddam
966 1200 1101 1223 nanum
1128 1190 1233 1233 quasi
1261 1188 1432 1227 reserens,
1459 1186 1503 1219 ab
1528 1185 1612 1218 aliis

95 1252 269 1286 facillime
297 1252 485 1285 distincta.

95 1359 131 1397 4.
164 1359 207 1396 P.
239 1370 421 1396 ELEGANS
454 1357 579 1407 (Smer
609 1356 697 1404 Azq.
729 1356 834 1395 Eekrl.
881 1368 942 1394 ππ)
986 1354 1055 1399 61)
1100 1353 1255 1393 frondis
1291 1363 1412 1405 parce
1440 1363 1612 1389 ramosae

208 1425 328 1463 ramis
360 1424 516 1462 alterne
548 1423 738 1476 pinnatis,
769 1423 878 1461 foliis
907 1422 954 1460 ad
989 1421 1219 1473 geniculum
1252 1419 1441 1470 quodque
1471 1429 1612 1456 secun-

205 1492 298 1530 dum
345 1491 649 1543 egredientibus
695 1491 848 1529 ambitu
900 1488 1146 1533 seniiovatiS‚
1191 1486 1385 1526 inferiore
1430 1484 1613 1537 margine

202 1559 325 1597 rectis
370 1558 656 1610 integerrimis,
701 1557 908 1610 superiore
939 1557 979 1594 in
1011 1556 1150 1594 dentes
1188 1554 1295 1592 3—--4
1332 1553 1488 1592 validos
1519 1552 1611 1591 abe-

204 1630 312 1671 unte,
343 1626 489 1678 pagina
521 1629 749 1664 transverse
780 1628 922 1663 zonata
951 1635 1054 1661 vena
1084 1622 1217 1661 media
1248 1633 1451 1673 percursa,
1477 1618 1612 1658 stichi-

205 1693 282 1731 diis
324 1705 345 1730 a
388 1705 501 1731 ramo
545 1693 714 1731 incurvo
759 1691 1054 1730 transforma-tis
1100 1688 1339 1729 cochleatim
1385 1686 1612 1727 convolutis

205 1764 432 1800 extrorsum
463 1759 648 1798 cristatis.

96 1897 147 1930 3a.
174 1898 213 1929 P.
240 1907 506 1930 aniieriromns
533 1896 688 1939 (Decsne
710 1895 748 1929 in
776 1895 874 1928 Ann.
900 1892 957 1943 Sc,
984 1892 1072 1926 Nat.
1106 1891 1178 1926 Vol.
1206 1890 1330 1925 XVII
1344 1899 1386 1933 p.
1412 1892 1612 1927 363111011-

189 1955 245 1988 dis
272 1965 379 1999 parce
406 1965 560 1988 ramosoe
587 1957 699 1988 ramis
725 1955 867 1987 alterne
893 1954 1065 1997 pinnatis,
1091 1953 1190 1986 foliis
1204 1952 1249 1986 ad
1267 1952 1481 1995 geniculum
1497 1950 1612 1994 quod-

189 2023 261 2057 que
295 2013 499 2046 secundum
538 2013 817 2055 egredientibus
854 2012 930 2044 fere
971 2012 1194 2051 semiovatis,
1232 2011 1408 2044 inferiore
1445 2009 1612 2052 margine

188 2073 299 2105 rectis
325 2073 588 2115 integerrimis,
615 2072 806 2115 superiore
834 2074 984 2103 arcuato
1012 2080 1139 2113 grosse
1165 2069 1454 2109 multi-dentato,
1480 2068 1614 2112 pagina

187 2129 405 2163 flabellatim
434 2130 613 2163 cellulosa
640 2129 851 2168 subavenia,
879 2129 1066 2162 fructibus
1094 2153 1101 2161 .
1128 2153 1134 2160 .

188 2187 390 2231 Polyzonia
415 2188 685 2221 adiantisormis
722 2186 861 2220 Decsne
886 2186 908 2219 l.
940 2195 968 2219 c.
1002 2184 1078 2228 Voy
1113 2185 1155 2219 de
1181 2184 1217 2218 la
1250 2184 1370 2218 Venus
1395 2183 1477 2218 Bot.
1506 2183 1566 2218 Pl.
1593 2185 1612 2217 2

87 2246 152 2290 fiy.
179 2244 235 2280 E!
258 2245 378 2279 Harv.
403 2245 442 2279 in
467 2245 582 2280 Hook.
609 2244 740 2280 Journ.
765 2244 835 2278 IV.
857 2255 897 2288 22-
924 2246 1005 2279 535!
1035 2248 1069 2279 et
1081 2244 1170 2279 Ner.
1197 2244 1326 2278 Austr.
1349 2253 1390 2287 p.
1416 2244 1474 2277 71!
1499 2242 1612 2277 Kritz.

96 2304 160 2346 Sp.
181 2313 221 2346 1).
247 2305 334 2337 882!

189 2363 280 2396 Hab.
307 2364 345 2396 in
371 2363 595 2406 Marginaria
620 2363 665 2396 ad
690 2362 831 2396 Novam
858 2362 1081 2396 Zelandiam.

188 2421 278 2455 Mihi
304 2424 442 2465 ignota.
491 2424 529 2455 P.
557 2422 761 2455 cuneifoliae
787 2421 978 2454 evidenter
1000 2423 1180 2464 proxima,
1195 2424 1314 2454 lorma
1329 2420 1504 2454 foliorum
1520 2420 1608 2459 (sec.

96 2484 242 2515 iconem
267 2483 478 2520 Decaisnei)
507 2484 547 2513 ut
572 2481 720 2513 videtur
746 2480 1018 2522 distinguenda.
1068 2481 1194 2522 Margo
1231 2480 1387 2512 inferior
1418 2480 1553 2517 rectus,
1578 2480 1613 2509 et

97 2541 264 2580 interior,
281 2551 362 2582 quae
383 2540 527 2573 caulem
554 2542 703 2583 spectat,
730 2539 808 2582 pari
835 2538 946 2571 modo
972 2541 1186 2581 truncatus3
1213 2540 1251 2571 at
1276 2538 1321 2571 ab
1347 2537 1486 2580 angulo
1508 2546 1612 2580 supe-

98 2601 195 2633 riore
222 2600 399 2642 marginis
426 2600 615 2632 interioris
641 2597 856 2630 extenditur
895 2607 1023 2640 margo
1061 2598 1232 2640 superior
1256 2606 1375 2640 usque
1401 2595 1446 2628 ad
1472 2597 1611 2639 apicem

98 2660 280 2690 arcuatus.
331 2656 433 2690 Folia
459 2657 496 2689 P.
536 2656 807 2689 adiantiformis
844 2654 912 2688 hoc
953 2655 1062 2688 modo
1089 2666 1160 2688 non
1187 2656 1289 2698 apice
1316 2656 1485 2687 truncata
1509 2655 1611 2686 fiunt.

100 2717 253 2758 Harvey,
280 2716 343 2759 qui
374 2714 658 2758 speciminulum
687 2714 923 2758 comparavit,
956 2713 1119 2757 planta-m
1142 2713 1346 2755 juvenilem
1385 2712 1610 2755 considerat3

100 2774 221 2806 minor
246 2774 374 2816 itaque
400 2776 512 2816 atque
538 2774 655 2815 magis
681 2775 867 2817 prostrata
899 2782 1010 2816 quam
1037 2773 1073 2805 P.
1100 2772 1309 2805 cuneifolia.
1358 2770 1463 2805 Folia
1488 2770 1610 2813 quoad

99 2831 255 2862 formam
282 2831 327 2863 iis
352 2832 390 2863 P.
425 2830 632 2863 cuneifoliae
669 2831 870 2864 admodum
898 2830 1033 2863 similia
1070 2830 1167 2870 dicit,
1191 2833 1227 2863 at
1252 2829 1369 2863 multo
1409 2829 1550 2861 minora
1575 2829 1611 2860 et

102 2888 305 2921 minoribus
332 2888 478 2921 cellulis
505 2892 690 2921 contexta.
