1728 3110
134 140 158 180 ’ἵ
167 139 191 179 6
200 140 226 180 2
769 137 1031 207 flammine}

240 267 543 317 simpliciuseulis
574 270 1003 322 clavato-cylindraceis,

239 335 423 373 sormibus
454 337 550 374 infra
581 337 707 386 apoees
738 340 930 376 truncatos
961 340 1014 388 spi

238 403 325 440 sitas
356 403 585 455 gerentibus,
616 405 831 443 keramidiis
863 406 1023 455 subsplia

220 478 334 512 Fueus
360 479 527 523 hybridus
552 479 637 515 Dec.
665 481 686 514 l.
713 492 742 515 c.
770 482 856 519 (fide
883 481 1031 526 Chamaj

220 537 391 572 Chondria
417 539 561 583 hybrida
588 540 718 574 Clamo.
746 541 815 585 Alq.
841 539 964 575 Norm.
990 552 1024 575 η.

220 596 410 631 Laurencia
437 598 582 642 hybrida
607 597 772 633 Lenorm.
804 600 841 633 in
866 598 956 634 Dub.
982 598 1032 633 Bo

152 680 158 686 .
187 654 263 687 856.

124 663 147 696 p
219 713 409 748 Laurencia
436 718 623 758 caespitosa
651 715 759 750 Harv.
786 716 922 761 Phycol.
949 716 1038 752 Brit.

127 769 173 804 II.
196 780 230 814 p.
258 773 311 805 98.

218 830 332 863 Fucus
357 831 582 872 pinnatifidus
609 841 680 865 var.
707 836 875 874 angustus
907 832 1010 867 Turn.

218 888 411 921 Laurencia
444 890 648 931 pinnatifida
675 903 710 935 γ.
738 895 883 933 angusta
921 890 1024 927 Grev.

119 955 155 989 p.
183 948 224 980 69
250 949 282 980 ec
307 946 409 990 Phyc.
437 946 526 982 Brit.
551 948 626 983 sub.
653 949 721 983 tab.
749 949 819 984 LV.

218 1004 319 1038 Laur.
347 1005 535 1050 cylindrica
561 1006 662 1040 Ii‘mz.
688 1007 744 1051 Sp.
770 1007 839 1052 Alq.
861 1019 898 1052 p.
928 1009 1017 1042 856?

235 1075 324 1114 llab.
356 1076 394 1113 in
427 1089 572 1115 oceano
605 1079 781 1117 atlantico
812 1080 856 1117 ad
891 1092 975 1119 oras
1008 1083 1027 1119 C

127 1143 279 1181 australi
311 1154 386 1181 sec.
419 1147 570 1192 lrlarvey.

215 1219 324 1253 Frons
357 1222 484 1254 eximie
517 1224 704 1265 caespitosa
737 1225 953 1267 pyramidata
985 1227 1023 1259 2-

124 1286 337 1323 compressa‚
376 1280 543 1314 diametro
584 1282 761 1316 dimidiam
801 1284 928 1316 lineam
967 1285 1026 1318 cir·

123 1345 203 1370 mox
238 1337 388 1371 disticbe
421 1339 844 1384 decomposito-pinnate,
870 1344 986 1385 pinnis
1012 1353 1023 1386 1

123 1396 314 1439 oppositis,
360 1398 600 1440 superioribus
639 1401 770 1442 saepius
808 1400 963 1434 alternis.

122 1454 349 1498 prolongatae,
378 1456 412 1488 in
438 1457 554 1498 planta
571 1458 740 1500 sporisera
763 1459 1019 1502 erectiuscnlae‚

122 1513 393 1555 superioresque
420 1515 825 1558 clavato-cylindraceae.
874 1517 1027 1551 Kerami(

120 1573 201 1603 nata
239 1571 461 1611 pinnularum
498 1574 634 1606 sessilia
673 1574 927 1618 subsphaerica,
965 1585 1028 1617 gen

121 1629 276 1670 capsulis
303 1629 442 1662 demum
468 1631 662 1665 seutellatis
690 1634 942 1667 terminalibus.
973 1634 1030 1667 Sul

121 1695 212 1719 nunc
240 1686 368 1720 obsure
392 1697 665 1734 purpurascens,
692 1700 783 1724 nunc
809 1692 886 1724 luce
913 1701 1022 1734 expos

213 1744 357 1789 Harvey,
396 1748 454 1789 qui
491 1747 594 1789 hujus
633 1750 763 1790 speciei
803 1749 899 1782 dedit
936 1751 1027 1783 icon<

121 1804 163 1836 ad
202 1812 280 1837 oras
318 1805 503 1838 Britanniae
542 1805 760 1848 frequentem
803 1810 837 1840 et
862 1807 934 1840 fere
972 1818 1038 1842 sen
1604 1848 1613 1851 ,

121 1862 314 1895 minoribus
341 1867 561 1896 crescentem
587 1865 685 1898 dixit.
746 1865 816 1899 Hac
843 1867 978 1899 vivendi
1008 1870 1141 1901 ratione
1168 1877 1186 1901 a
1213 1868 1251 1901 G.
1277 1868 1482 1910 pinnatifido
1508 1868 1649 1912 Lyngb.,

121 1920 214 1962 quod
240 1929 320 1953 cum
345 1923 510 1963 praesenti
538 1922 804 1967 conjunxerunt,
826 1924 898 1965 jam
924 1925 1167 1968 dignoscatur3
1194 1925 1361 1958 differunt
1382 1927 1525 1968 insuper
1539 1925 1649 1958 forma

121 1978 266 2011 frondis.
292 1979 327 2013 L.
356 1981 555 2022 caespitosae
580 1980 739 2014 Lamour.
765 1984 904 2016 nomine
925 1983 1110 2016 admodum
1135 1984 1291 2016 diversas
1306 1984 1648 2026 speciesinseriptas

123 2037 285 2070 vidimus,
335 2037 520 2079 Specimen
548 2039 785 2073 authenticum
814 2043 980 2085 auctoris,
1005 2042 1099 2084 quod
1124 2050 1242 2075 coram
1269 2041 1379 2074 oeulis
1405 2041 1529 2085 habeo,
1546 2051 1648 2075 mon-

123 2097 211 2128 strat
240 2096 394 2138 plantam
426 2099 661 2141 parasiticam‚
688 2097 809 2132 fronde
836 2108 1038 2141 compressa
1064 2100 1287 2142 pinnulisque
1313 2101 1566 2142 patentissimis
1593 2102 1648 2134 in-

124 2154 270 2198 signem,
297 2157 332 2188 et
357 2164 374 2187 a
401 2154 434 2188 L.
463 2155 606 2198 hybrida
634 2158 869 2191 recentiorum
893 2157 995 2191 facile
1022 2158 1315 2198 distinguendam.

122 2277 184 2318 24.
215 2283 248 2318 L.
278 2290 570 2320 Disricnorm‘tm
603 2282 657 2328 [J.
695 2284 761 2331 Ay.
803 2286 939 2330 mser.)
974 2283 1108 2321 fronde
1139 2295 1355 2333 compressa
1388 2284 1544 2323 distielie
1573 2284 1646 2322 de-

230 2349 637 2401 composito-pinnata,
677 2350 800 2399 pinnis
831 2351 868 2388 in
901 2351 1050 2388 rachide
1089 2352 1212 2389 stricta
1254 2353 1450 2404 oppositis,
1481 2353 1644 2390 inferio-

232 2415 333 2453 ribus
351 2417 604 2467 prolongatis,
621 2417 882 2466 superioribus
898 2418 1159 2468 subpalmatim
1181 2420 1462 2468 tri-multifidis,
1479 2420 1644 2469 pinnulis

230 2482 461 2531 simplicibus
508 2484 751 2530 cgiindraceis
799 2484 954 2534 obtusis,
1000 2487 1198 2534 sporiferis
1243 2488 1502 2525 conformibus
1548 2488 1642 2527 infra

231 2550 357 2599 apices
402 2551 683 2600 spiiaerosporas
729 2553 766 2589 in
812 2552 962 2590 fasciam
1009 2553 1208 2603 dispositas
1252 2554 1482 2604 gerentibus,
1527 2555 1641 2593 kera-

229 2618 366 2656 midiis.
398 2649 406 2656 .
438 2647 447 2656 .
480 2648 487 2656 .

230 2708 318 2748 Ilab.
351 2708 387 2745 in
419 2719 564 2746 oceano
596 2706 775 2746 australi?
806 2707 887 2757 (Hb.
918 2708 998 2757 Ag.)

211 2793 364 2828 Frondes
403 2797 600 2837 caespitosae
638 2796 947 2839 2—3-p011icares‚
987 2806 1029 2829 ex
1069 2799 1167 2831 tereti
1194 2806 1418 2841 compressae‚
1446 2798 1638 2840 3—4-pin-

120 2854 220 2884 natae.
259 2853 384 2886 Rachis
410 2855 627 2901 semilinearn
652 2855 731 2897 lata,
758 2855 872 2895 pinnis
899 2862 1021 2895 parum
1049 2857 1319 2896 angustioribus.
1346 2857 1462 2889 Pinnae
1479 2857 1637 2898 plurimae

121 2909 324 2947 regulariter
356 2913 539 2954 oppositae,
573 2914 632 2944 aut
664 2912 837 2945 nonnullis
875 2912 917 2944 ab
951 2911 1015 2946 bae
1048 2913 1278 2955 dispositione
1305 2913 1547 2948 aberrantibus
1577 2924 1639 2956 per
