1728 3110
22 142 241 183 Amcmsfa.
637 135 919 175 Rflonoufflffi.
1422 133 1439 173 1
1456 132 1508 173 1Ο
1519 133 1543 174 9

25 266 130 316 logae
162 265 468 314 existimentur;
501 268 612 303 costa
643 264 831 302 immersa
864 264 941 302 hoc
973 265 1094 303 modo
1128 264 1341 309 formatum
1372 265 1414 303 in
1444 264 1547 302 infe-

21 332 126 371 riore
159 337 273 384 parte
305 333 455 371 sensim
487 336 686 384 praeterea
717 331 842 370 oritur
875 344 990 369 secus
1020 332 1211 369 laminam
1244 332 1419 371 mediam
1450 336 1548 370 stra-

21 404 102 438 tum
134 400 341 445 corficule,
374 400 480 451 quod
513 400 674 438 demum
707 403 874 443 costam,
907 404 1077 437 externe
1124 412 1285 450 quoque
1330 400 1547 438 admodum

21 466 210 512 validam,
243 466 391 515 efficitg
423 467 582 505 cellulis
614 465 916 517 angustioribus
935 470 975 503 et
994 466 1121 517 magis
1147 466 1424 518 irregulariter
1457 466 1548 504 sub-

25 532 177 579 divisis‚
209 534 508 586 longitudinem
542 546 658 572 secus
689 533 904 584 elongatis,
935 533 1012 571 hoc
1043 534 1313 572 constituitur.
1371 534 1462 585 Ipsa
1492 534 1549 571 la-

22 601 129 640 mina
160 601 200 640 in
233 603 442 641 nonnullis
475 602 690 654 speciebus
727 601 849 647 nuda,
889 602 928 639 in
963 602 1052 639 aliis
1096 607 1220 641 strato
1253 602 1436 641 corticali
1469 602 1548 639 cel-

19 668 110 706 lulis
140 668 364 707 minoribus
395 669 613 708 constituto
645 669 831 711 obducta,
865 669 1128 715 differentias,
1160 682 1258 719 quas
1289 670 1330 707 in
1373 669 1544 708 diversis

23 735 235 787 speciebus
280 736 583 787 Polysiphoniae
627 736 820 787 analogas
865 736 1123 782 offendimus,
1154 737 1231 775 hoc
1262 737 1383 775 modo
1416 736 1546 775 offert.

23 801 151 841 Venae
183 816 205 840 a
236 807 346 842 costa
378 804 428 841 ad
460 804 601 842 dentes
633 808 673 841 et
702 803 847 855 pinnas
878 803 1033 842 frondis
1072 808 1337 842 excurrentes
1368 816 1448 842 non
1479 804 1548 842 ad-

21 873 133 919 sunt;
165 875 206 908 at
234 871 355 922 paulo
388 871 492 909 intra
525 870 750 922 marginem
782 870 1013 917 interstitia,
1053 883 1142 920 quae
1186 884 1307 909 zonas
1350 874 1552 922 separant,

23 936 188 975 fureatae
221 938 439 989 adparentg
472 938 580 976 unde
611 938 784 977 cellulae.
817 951 937 977 zonas
970 938 1183 990 pinnarum
1216 938 1458 984 efficientes,
1489 951 1553 975 su-

25 1016 95 1055 pra
128 1003 280 1042 furcam
312 1018 463 1043 novum
495 1005 695 1050 ordinem,
727 1004 863 1056 pinnae
906 1005 1129 1056 proprium,
1160 1005 1366 1043 inehoant.
1424 1004 1552 1042 Inter-

18 1070 139 1120 jectis
170 1070 330 1108 cellulis
362 1071 583 1110 costalibus
613 1071 737 1123 pinna
769 1071 917 1109 sensim
951 1076 1105 1110 costata
1136 1070 1192 1110 tit.

132 1149 269 1188 Genus
302 1149 507 1189 Amansiae
539 1164 559 1188 a
592 1151 854 1190 Lemouroux
885 1152 909 1189 l.
943 1164 975 1189 c.
1011 1155 1052 1189 et
1088 1156 1184 1203 typo
1229 1149 1422 1188 Amansia
1451 1150 1553 1188 mul-

22 1216 134 1255 tifida
167 1217 372 1255 conditum
405 1217 502 1265 fuist
535 1218 809 1256 characterem
842 1219 1004 1269 generis
1035 1219 1076 1256 in
1107 1223 1307 1257 structura
1338 1218 1554 1269 hexagone

23 1283 201 1322 areolam
246 1284 402 1335 petivit..
464 1285 608 1324 Postea
640 1290 723 1323 tum
763 1286 863 1323 alias
903 1286 1060 1337 species
1097 1285 1380 1336 indescriptas,
1411 1289 1451 1323 at
1482 1297 1553 1323 no-

25 1351 132 1390 mine
178 1351 409 1398 instructas,
440 1352 658 1399 distribuit,
688 1358 770 1391 tum
803 1353 842 1391 in
877 1366 948 1403 suo
980 1353 1100 1391 Essa?
1128 1364 1198 1390 sur
1229 1353 1280 1390 les
1315 1350 1461 1390 Gemes
1492 1352 1556 1389 des

27 1418 368 1467 Thalassiophytcs
398 1432 543 1458 novam
576 1420 753 1471 speciem
787 1419 853 1463 (A.
897 1420 1240 1471 semipennatam)
1273 1419 1412 1471 generi
1444 1418 1554 1468 adJe-

25 1487 88 1524 cit.
151 1486 316 1537 Agardh
347 1499 488 1538 genus,
530 1487 637 1537 quod
668 1488 717 1525 ad
760 1487 996 1539 Dictyoteas
1040 1488 1235 1525 retulerat
1277 1487 1552 1531 Lamouroux,

25 1552 231 1591 Florideis
274 1554 510 1600 vindicavit,
556 1558 694 1606 typum
741 1567 764 1592 a
794 1555 1097 1593 Lamourouxio
1145 1555 1365 1593 indicatum
1414 1552 1553 1604 generi

29 1620 296 1666 conservavit,
341 1621 497 1672 species
542 1621 758 1659 nonnullas
804 1621 908 1659 bene
948 1621 985 1659 ei
1032 1622 1282 1673 pertinentes
1312 1619 1554 1665 introduxit,

29 1687 127 1725 alias
158 1693 291 1726 autem
324 1688 618 1739 heterogeneas
657 1701 818 1739 quoque
850 1689 990 1739 generi
1023 1688 1174 1727 tribuit.
1236 1688 1462 1738 Sequentes
1493 1700 1555 1738 sy-

27 1754 225 1791 stematiei
271 1754 376 1792 haud
417 1754 593 1793 feliciori
625 1769 745 1793 manu
777 1768 903 1806 genus
943 1755 1058 1794 novis
1104 1755 1319 1807 speciebus
1364 1755 1555 1793 ditarunt.

30 1820 210 1859 Greville
254 1821 525 1873 Rytiphlaeam
572 1822 842 1861 obtusilobam
884 1822 960 1874 Ag.
992 1827 1031 1860 et
1065 1823 1222 1874 speeies
1267 1822 1475 1873 quasdam,
1505 1820 1555 1859 ab

28 1886 234 1939 Agardhio
267 1901 355 1926 cum
389 1888 512 1927 dubio
544 1889 595 1927 ad
625 1889 979 1941 Thamnophoram
1013 1890 1173 1935 relatas,
1205 1890 1311 1927 inter
1341 1887 1555 1926 Amansias

30 1955 238 2006 disposuit.
299 1956 391 2007 Ipse
422 1956 569 2004 (Symb.
594 1969 634 2004 p.
665 1956 735 2005 25)
775 1957 933 2009 species
970 1957 1007 1999 ⁴2,
1039 1970 1062 1994 av
1094 1957 1275 1995 Greville
1306 1955 1555 1995 introductas

29 2022 132 2062 bene
164 2022 326 2073 quidem
359 2023 529 2070 removi,
560 2024 660 2061 alias
691 2029 824 2062 autem
867 2025 1008 2076 generi
1041 2024 1146 2062 male
1177 2024 1428 2076 pertinentes
1460 2034 1555 2061 con-

31 2089 199 2127 servavi.
260 2090 460 2128 Decaisne
492 2090 669 2142 speciem
702 2092 878 2143 typicam
912 2093 988 2132 (Pl.
1020 2093 1064 2129 (Ie
1094 2091 1243 2130 I'Arab.
1268 2104 1310 2138 p.
1342 2090 1436 2138 174)
1481 2089 1555 2127 La-

30 2156 262 2195 mourouxii
294 2157 462 2207 ejusque
493 2169 744 2208 congeriei-es
775 2159 825 2197 ad
858 2159 1129 2210 Rytiphlaeam
1168 2158 1384 2202 transtulit,
1416 2161 1555 2208 typum

6 2251 7 2258 1
32 2228 170 2263 contra
199 2224 406 2262 Amansiae
437 2225 535 2262 fecit
565 2224 601 2262 A
631 2226 966 2277 semipennatam,
999 2238 1118 2276 quam
1150 2230 1189 2264 et
1220 2225 1420 2277 posterius
1439 2222 1551 2261 addi-

7 2312 9 2318 ν
32 2290 143 2328 derat
162 2291 434 2338 Lamouroux,
465 2296 503 2330 et
535 2291 698 2330 dubiam
731 2292 909 2344 speciem
928 2293 1088 2344 generis
1106 2291 1259 2344 proprii
1276 2291 1552 2343 proclamave-

32 2362 120 2395 rant
148 2358 314 2409 Agardh
346 2363 384 2396 et
415 2358 610 2397 Greville.
668 2359 829 2410 Harvey
860 2359 1006 2397 iterum
1039 2358 1272 2396 Amunsiam
1314 2356 1554 2395 multifidam

34 2424 192 2474 generis
222 2424 397 2476 typicam
429 2425 606 2475 speciem
640 2425 926 2471 consideravit,
973 2427 1084 2475 (Ner.
1117 2429 1237 2463 (castr.
1261 2438 1302 2472 2).
1336 2424 1429 2471 25>;
1462 2423 1554 2460 cha-

12 2495 186 2528 ractere
217 2495 348 2529 autem
382 2491 546 2543 proprio
585 2492 746 2543 generis
784 2493 915 2531 adhue
958 2506 1099 2544 parum
1144 2492 1354 2530 intellecto
1399 2490 1555 2542 species

34 2554 325 2608 heterogeneas
356 2561 396 2595 et
425 2558 681 2596 conservavit
709 2559 862 2610 generi,
895 2563 935 2597 et
963 2558 1178 2597 nonnullas
1208 2558 1295 2609 ipse
1312 2555 1555 2595 introduxit.

36 2621 210 2675 Kutzing
239 2624 415 2676 typicam
448 2623 625 2675 speeiem
657 2625 706 2663 ad
737 2626 973 2677 Epineuron
1006 2624 1221 2670 transtulit,
1262 2623 1361 2661 alias
1399 2623 1556 2674 species

39 2700 125 2727 cum
156 2690 442 2742 heterogeneis
486 2690 634 2728 mixtas
681 2690 886 2730 Amansiae
931 2690 1200 2729 conservavit.
1260 2689 1314 2727 Ut
1344 2689 1422 2727 hoc
1464 2689 1554 2727 loeo

40 2767 163 2807 genus
194 2757 365 2796 definire
397 2761 563 2796 conatus
594 2771 693 2804 sum,
738 2759 914 2797 Vidaliae
961 2758 1061 2795 mihi
1106 2757 1265 2795 videtur
1308 2755 1555 2807 proximum,

41 2824 148 2863 zonis
191 2825 522 2870 horizontalibus,
567 2824 691 2864 immo
722 2826 911 2864 deorsum
943 2825 1028 2863 fere
1058 2824 1100 2862 in
1130 2835 1266 2861 areum
1314 2821 1501 2868 deflexis,
1533 2835 1556 2860 a

42 2894 148 2929 costa
177 2892 325 2943 angulo
356 2895 466 2930 recto
499 2891 814 2943 egredientibus,
845 2905 920 2930 nee
951 2891 1100 2942 angulo
1140 2895 1258 2929 acuto
1291 2889 1455 2939 oblique
1487 2889 1555 2928 ad-

1399 2956 1462 2989 73*
